@article{abdelfattahMicroservicesSecurityChallenges2022,
	title        = {Microservices {{Security Challenges}} and {{Approaches}}},
	author       = {Abdelfattah, Amr S and Cerny, Tomas},
	pages        = 8,
	date         = 2022,
}
@online{abidAnswerKeycloakMissing2020,
	title        = {Answer to "{{Keycloak}} - {{Missing}} Data in the Userinfo Response"},
	author       = {Abid, Ala},
	url          = {https://stackoverflow.com/a/60072580},
	urldate      = {2023-06-29},
	date         = {2020-02-05},
	organization = {{Stack Overflow}}
}
@online{AdvancedConfigurationSpring,
	title        = {Advanced {{Configuration}} :: {{Spring Security}}},
	url          = {https://docs.spring.io/spring-security/reference/servlet/oauth2/login/advanced.html},
	urldate      = {2023-06-19}
}
@article{akbulutPerformanceAnalysisMicroservice2019,
	title        = {Performance {{Analysis}} of {{Microservice Design Patterns}}},
	author       = {Akbulut, Akhan and Perros, Harry G.},
	volume       = 23,
	number       = 6,
	pages        = {19--27},
	doi          = {10.1109/MIC.2019.2951094},
	issn         = {1941-0131},
	date         = {2019-11},
	journaltitle = {IEEE Internet Computing},
	eventtitle   = {{{IEEE Internet Computing}}},
}
@inproceedings{alexanderEvaluationSecureRealTime2009,
	title        = {An {{Evaluation}} of {{Secure Real-Time Transport Protocol}} ({{SRTP}}) {{Performance}} for {{VoIP}}},
	author       = {Alexander, A. L. and Wijesinha, A. L. and Karne, R.},
	booktitle    = {2009 {{Third International Conference}} on {{Network}} and {{System Security}}},
	pages        = {95--101},
	date         = 2009,
	eventtitle   = {2009 {{Third International Conference}} on {{Network}} and {{System Security}}},
}
@article{alkhodaryEvaluationUsingBackendForFrontend,
	title        = {The {{Evaluation}} of {{Using Backend-For-Frontend}} in a {{Microservices Environment}}},
	author       = {Alkhodary, Samer},
}
@report{andreasenSessionDescriptionProtocol2006,
	title        = {Session {{Description Protocol}} ({{SDP}}) {{Security Descriptions}} for {{Media Streams}}},
	author       = {Andreasen, F. and Baugher, M. and Wing, D.},
	number       = 4568,
	type         = {RFC},
	date         = 2006,
	institution  = {{Network Working Group}}
}
@online{ApacheJMeterUser,
	title        = {Apache {{JMeter}} - {{User}}'s {{Manual}}: {{Elements}} of a {{Test Plan}}},
	url          = {https://jmeter.apache.org/usermanual/test_plan.html},
	urldate      = {2023-07-16}
}
@online{AuthenticationPatternsBest,
	title        = {Authentication {{Patterns}} and {{Best Practices For SPAs}}},
	url          = {https://dev.indooroutdoor.io/authentication-patterns-and-best-practices-for-spas},
	urldate      = {2023-03-15},
	organization = {{IO.IO}}
}
@online{AuthenticationPersistenceSession,
	title        = {Authentication {{Persistence}} and {{Session Management}} :: {{Spring Security}}},
	url          = {https://docs.spring.io/spring-security/reference/servlet/authentication/session-management.html},
	urldate      = {2023-07-16}
}
@online{AuthenticationSpringsecuritydocsAPI,
	title        = {Authentication (Spring-Security-Docs 6.1.1 {{API}})},
	url          = {https://docs.spring.io/spring-security/site/docs/current/api/org/springframework/security/core/Authentication.html},
	urldate      = {2023-06-25}
}
@online{AuthorizationArchitectureSpring,
	title        = {Authorization {{Architecture}} :: {{Spring Security}}},
	url          = {https://docs.spring.io/spring-security/reference/servlet/authorization/architecture.html},
	urldate      = {2023-07-16}
}
@online{AuthorizationServicesGuide,
	title        = {Authorization {{Services Guide}}},
	url          = {https://www.keycloak.org/docs/latest/authorization_services/},
	urldate      = {2023-06-30}
}
@online{AuthorizeHttpServletRequestsSpring,
	title        = {Authorize {{HttpServletRequests}} :: {{Spring Security}}},
	url          = {https://docs.spring.io/spring-security/reference/servlet/authorization/authorize-http-requests.html},
	urldate      = {2023-06-28}
}
@online{BackendFrontendAuthentication,
	title        = {Backend {{For Frontend Authentication Pattern}} with {{Auth0}} and {{ASP}}.{{NET Core}}},
	url          = {https://auth0.com/blog/backend-for-frontend-pattern-with-auth0-and-dotnet/},
	urldate      = {2023-03-15},
	organization = {{Auth0 - Blog}}
}
@online{BackendFrontendAuthentication2021,
	title        = {Backend {{For Frontend Authentication Pattern}} with {{Auth0}} and {{ASP}}.{{NET Core}}},
	url          = {https://community.auth0.com/t/backend-for-frontend-authentication-pattern-with-auth0-and-asp-net-core/69627},
	urldate      = {2023-03-15},
	date         = {2021-09-14T15:02:11+00:00},
	organization = {{Auth0 Community}}
}
@online{baeldungGrantedAuthorityRole2017,
	title        = {Granted {{Authority Versus Role}} in {{Spring Security}} | {{Baeldung}}},
	author       = {{baeldung}},
	url          = {https://www.baeldung.com/spring-security-granted-authority-vs-role},
	urldate      = {2023-06-17},
	date         = {2017-09-24T09:37:01+00:00},
}
@inproceedings{bakerNovelApproachSecure2020,
	title        = {A Novel Approach to Secure Microservice Architecture from Owasp Vulnerabilities},
	author       = {Baker, Oras and Nguyen, Quy},
	booktitle    = {Proceedings of the 10th {{Annual Conference}} of {{Computing}} and {{Information Technology Education}} and {{Research}} in {{New Zealand}}},
	date         = {2020-11-18}
}
@inproceedings{banatiAuthenticationAuthorizationOrchestrator2018,
	title        = {Authentication and Authorization Orchestrator for Microservice-Based Software Architectures},
	author       = {Bánáti, A. and Kail, E. and Karóczkai, K. and Kozlovszky, M.},
	booktitle    = {2018 41st {{International Convention}} on {{Information}} and {{Communication Technology}}, {{Electronics}} and {{Microelectronics}} ({{MIPRO}})},
	pages        = {1180--1184},
	doi          = {10.23919/MIPRO.2018.8400214},
	date         = {2018-05},
	eventtitle   = {2018 41st {{International Convention}} on {{Information}} and {{Communication Technology}}, {{Electronics}} and {{Microelectronics}} ({{MIPRO}})},
}
@online{barabanovAuthenticationAuthorizationMicroservicebased2020,
	title        = {Authentication and Authorization in Microservice-Based Systems: Survey of Architecture Patterns},
	shorttitle   = {Authentication and Authorization in Microservice-Based Systems},
	author       = {Barabanov, Alexander and Makrushin, Denis},
	doi          = {10.48550/arXiv.2009.02114},
	url          = {http://arxiv.org/abs/2009.02114},
	urldate      = {2023-03-15},
	date         = {2020-09-04},
	eprint       = {2009.02114},
	eprinttype   = {arxiv},
	eprintclass  = {cs},
	pubstate     = {preprint},
}
@online{barabanovAuthenticationAuthorizationMicroservicebased2020a,
	title        = {Authentication and Authorization in Microservice-Based Systems: Survey of Architecture Patterns},
	shorttitle   = {Authentication and Authorization in Microservice-Based Systems},
	author       = {Barabanov, Alexander and Makrushin, Denis},
	doi          = {10.48550/arXiv.2009.02114},
	url          = {http://arxiv.org/abs/2009.02114},
	urldate      = {2022-11-16},
	date         = {2020-09-04},
	eprint       = {2009.02114},
	eprinttype   = {arxiv},
	eprintclass  = {cs},
	pubstate     = {preprint},
}
@video{barbettiniOAuthOpenIDConnect2018,
	title        = {{{OAuth}} 2.0 and {{OpenID Connect}} (in Plain {{English}})},
	url          = {https://www.youtube.com/watch?v=996OiexHze0},
	urldate      = {2022-12-18},
	entrysubtype = {video},
	editor       = {Barbettini, Nate},
	editortype   = {director},
	date         = {2018-02-05}
}
@report{barthWebOriginConcept2011,
	title        = {The {{Web Origin Concept}}},
	author       = {Barth, A.},
	number       = {RFC6454},
	pages        = {RFC6454},
	doi          = {10.17487/rfc6454},
	url          = {https://www.rfc-editor.org/info/rfc6454},
	urldate      = {2023-06-30},
	date         = {2011-12},
	institution  = {{RFC Editor}},
}
@incollection{bartlettBasicMicroserviceArchitecture2023,
	title        = {A {{Basic Microservice Architecture}}},
	author       = {Bartlett, Jonathan},
	booktitle    = {Cloud {{Native Applications}} with {{Docker}} and {{Kubernetes}}	: {{Design}} and {{Build Cloud Architecture}} and {{Applications}} with {{Microservices}}, {{EMQ}}, and {{Multi-Site Configurations}}},
	location     = {{Berkeley, CA}},
	publisher    = {{Apress}},
	pages        = {159--166},
	doi          = {10.1007/978-1-4842-8876-4_14},
	isbn         = {978-1-4842-8876-4},
	url          = {https://doi.org/10.1007/978-1-4842-8876-4_14},
	urldate      = {2023-03-15},
	editor       = {Bartlett, Jonathan},
	date         = 2023,
}
@report{baugherSecureRealtimeTransport2004,
	title        = {The {{Secure Real-time Transport Protocol}} ({{SRTP}})},
	author       = {Baugher, M. and McGrew, D. and Naslund, M. and Carrara, E. and Norrman, K.},
	number       = 3711,
	type         = {RFC},
	date         = 2004,
	institution  = {{Network Working Group}}
}
@article{bazeniucInformationSecurityMicroservices2021,
	title        = {Information {{Security}} in {{Microservices Architectures}}},
	author       = {Bazeniuc, Ivan and Zgureanu, Aureliu},
	publisher    = {{Technical University of Moldova}},
	doi          = {10.52326/ic-ecco.2021/SEC.03},
	isbn         = 9789975426480,
	url          = {http://repository.utm.md/handle/5014/20102},
	urldate      = {2022-11-20},
	date         = 2021,
	annotation   = {Accepted: 2022-04-13T08:20:02Z}
}
@software{BearerTokenAuthenticationEntryPointJava2023,
	title        = {{{BearerTokenAuthenticationEntryPoint}}.Java},
	url          = {https://github.com/spring-projects/spring-security/blob/61e2bae7f2a3127c6b0ca662a2611ac8fff091f2/oauth2/oauth2-resource-server/src/main/java/org/springframework/security/oauth2/server/resource/web/BearerTokenAuthenticationEntryPoint.java},
	urldate      = {2023-06-16},
	date         = {2023-06-16T10:31:53Z},
	origdate     = {2012-01-10T21:50:57Z},
	organization = {{Spring}}
}
@software{BearerTokenAuthenticationEntryPointSpringsecuritydocsAPI,
	title        = {{{BearerTokenAuthenticationEntryPoint}} (Spring-Security-Docs 6.1.0 {{API}})},
	url          = {https://docs.spring.io/spring-security/site/docs/current/api/org/springframework/security/oauth2/server/resource/web/BearerTokenAuthenticationEntryPoint.html},
	urldate      = {2023-06-16}
}
@online{BearerTokenAuthenticationTokenSpringsecuritydocsAPI,
	title        = {{{BearerTokenAuthenticationToken}} (Spring-Security-Docs 6.1.1 {{API}})},
	url          = {https://docs.spring.io/spring-security/site/docs/current/api/org/springframework/security/oauth2/server/resource/authentication/BearerTokenAuthenticationToken.html},
	urldate      = {2023-06-25}
}
@article{berardiMicroserviceSecuritySystematic2022,
	title        = {Microservice Security: A Systematic Literature Review},
	shorttitle   = {Microservice Security},
	author       = {Berardi, Davide and Giallorenzo, Saverio and Mauro, Jacopo and Melis, Andrea and Montesi, Fabrizio and Prandini, Marco},
	publisher    = {{PeerJ Inc.}},
	volume       = 8,
	pages        = {e779},
	doi          = {10.7717/peerj-cs.779},
	issn         = {2376-5992},
	url          = {https://peerj.com/articles/cs-779},
	urldate      = {2022-10-26},
	date         = {2022-01-05},
	journaltitle = {PeerJ Computer Science},
	shortjournal = {PeerJ Comput. Sci.},
}
@online{bernsteinSafeCurvesChoosingSafe,
	title        = {{{SafeCurves}}: Choosing Safe Curves for Elliptic-Curve Cryptography},
	author       = {Bernstein, D. J. and Lange, T.},
	url          = {https://safecurves.cr.yp.to},
	urldate      = {2021-12-15}
}
@report{bertocciJSONWebToken2021,
	title        = {{{JSON Web Token}} ({{JWT}}) {{Profile}} for {{OAuth}} 2.0 {{Access Tokens}}},
	author       = {Bertocci, Vittorio},
	number       = {RFC 9068},
	doi          = {10.17487/RFC9068},
	url          = {https://datatracker.ietf.org/doc/rfc9068},
	urldate      = {2022-12-19},
	type         = {Request for Comments},
	date         = {2021-10},
	institution  = {{Internet Engineering Task Force}},
	pagetotal    = 15
}
@report{bertocciJSONWebToken2021a,
	title        = {{{JSON Web Token}} ({{JWT}}) {{Profile}} for {{OAuth}} 2.0 {{Access Tokens}}},
	author       = {Bertocci, Vittorio},
	number       = {RFC 9068},
	doi          = {10.17487/RFC9068},
	url          = {https://datatracker.ietf.org/doc/rfc9068},
	urldate      = {2022-12-10},
	type         = {Request for Comments},
	date         = {2021-10},
	institution  = {{Internet Engineering Task Force}},
	pagetotal    = 15
}
@report{bertocciTokenMediatingSession2021,
	title        = {Token {{Mediating}} and Session {{Information Backend For Frontend}}},
	author       = {Bertocci, Vittorio and Campbell, Brian},
	number       = {draft-bertocci-oauth2-tmi-bff-01},
	url          = {https://datatracker.ietf.org/doc/draft-bertocci-oauth2-tmi-bff-01},
	urldate      = {2023-04-20},
	type         = {Internet Draft},
	date         = {2021-04-25},
	institution  = {{Internet Engineering Task Force}},
	pagetotal    = 18
}
@book{bevacquaJavaScriptApplicationDesign,
	title        = {{{JavaScript Application Design}}. {{A Build First Approach}}.},
	author       = {Bevacqua, Nicolas},
	publisher    = {{Manning}},
}
@inproceedings{billawaSoKSecurityMicroservice2022,
	title        = {{{SoK}}: {{Security}} of {{Microservice Applications}}: {{A Practitioners}}' {{Perspective}} on {{Challenges}} and {{Best Practices}}},
	shorttitle   = {{{SoK}}},
	author       = {Billawa, Priyanka and Tukaram, Anusha Bambhore and Ferreyra, Nicolás E. Díaz and Steghöfer, Jan-Philipp and Scandariato, Riccardo and Simhandl, Georg},
	booktitle    = {Proceedings of the 17th {{International Conference}} on {{Availability}}, {{Reliability}} and {{Security}}},
	pages        = {1--10},
	doi          = {10.1145/3538969.3538986},
	url          = {http://arxiv.org/abs/2202.01612},
	urldate      = {2022-09-21},
	date         = {2022-08-23},
	eprint       = {2202.01612},
	eprinttype   = {arxiv},
	eprintclass  = {cs},
}
@article{blinowskiMonolithicVsMicroservice2022,
	title        = {Monolithic vs. {{Microservice Architecture}}: {{A Performance}} and {{Scalability Evaluation}}},
	shorttitle   = {Monolithic vs. {{Microservice Architecture}}},
	author       = {Blinowski, Grzegorz and Ojdowska, Anna and Przybyłek, Adam},
	volume       = 10,
	pages        = {20357--20374},
	doi          = {10.1109/ACCESS.2022.3152803},
	issn         = {2169-3536},
	date         = 2022,
	journaltitle = {IEEE Access},
	eventtitle   = {{{IEEE Access}}},
}
@article{bommaganiSecurityEnhancementVoIP2013,
	title        = {Security {{Enhancement}} of {{VoIP Protocols}} Using {{ECC}}},
	author       = {Bommagani, G. and Paidipelli, A. and Gunjan, V. K. and Singh, P.},
	volume       = 3,
	number       = 12,
	pages        = 8,
	date         = 2013,
	journaltitle = {International Journal of Advanced Research in Computer Science and Software Engineering},
}
@report{bradnerKeyWordsUse1997,
	title        = {Key Words for Use in {{RFCs}} to {{Indicate Requirement Levels}}},
	author       = {Bradner, S.},
	number       = {RFC2119},
	pages        = {RFC2119},
	doi          = {10.17487/rfc2119},
	url          = {https://www.rfc-editor.org/info/rfc2119},
	urldate      = {2023-06-30},
	date         = {1997-03},
	institution  = {{RFC Editor}},
}
@report{brayJavaScriptObjectNotation2014,
	title        = {The {{JavaScript Object Notation}} ({{JSON}}) {{Data Interchange Format}}},
	author       = {Bray, T.},
	number       = {RFC7159},
	pages        = {RFC7159},
	doi          = {10.17487/rfc7159},
	url          = {https://www.rfc-editor.org/info/rfc7159},
	urldate      = {2023-06-30},
	date         = {2014-03},
	institution  = {{RFC Editor}},
}
@report{campbellResourceIndicatorsOAuth2020,
	title        = {Resource {{Indicators}} for {{OAuth}} 2.0},
	author       = {Campbell, B. and Bradley, J. and Tschofenig, H.},
	number       = {RFC8707},
	pages        = {RFC8707},
	doi          = {10.17487/RFC8707},
	url          = {https://www.rfc-editor.org/info/rfc8707},
	urldate      = {2022-12-20},
	date         = {2020-02},
	institution  = {{RFC Editor}},
}
@online{ch4mpAnswerUseKeycloak2022,
	title        = {Answer to "{{Use Keycloak Spring Adapter}} with {{Spring Boot}} 3"},
	author       = {{ch4mp}},
	url          = {https://stackoverflow.com/a/74572732},
	urldate      = {2023-06-23},
	date         = {2022-11-25},
	organization = {{Stack Overflow}}
}
@report{chapmanSecurityConsiderationsVoice2021,
	title        = {Security {{Considerations}} for {{Voice}} over {{Wi-Fi}} ({{VoWiFi}}) {{Systems}}},
	author       = {Chapman, J.},
	url          = {https://www.sans.org/white-papers/38945/},
	urldate      = {2021-12-12},
	type         = {White paper},
	date         = 2021,
	institution  = {{SANS}}
}
@article{chatterjeeApplyingSpringSecurity2022,
	title        = {Applying {{Spring Security Framework}} with {{KeyCloak-Based OAuth2}} to {{Protect Microservice Architecture APIs}}: {{A Case Study}}},
	shorttitle   = {Applying {{Spring Security Framework}} with {{KeyCloak-Based OAuth2}} to {{Protect Microservice Architecture APIs}}},
	author       = {Chatterjee, Ayan and Prinz, Andreas},
	publisher    = {{Multidisciplinary Digital Publishing Institute}},
	volume       = 22,
	number       = 5,
	pages        = 1703,
	doi          = {10.3390/s22051703},
	issn         = {1424-8220},
	url          = {https://www.mdpi.com/1424-8220/22/5/1703},
	urldate      = {2022-12-04},
	date         = {2022-01},
	journaltitle = {Sensors},
	issue        = 5,
}
@article{chatterjeeSFTSDHApplyingSpring2022,
	title        = {{{SFTSDH}}: {{Applying Spring Security Framework With TSD-Based OAuth2}} to {{Protect Microservice Architecture APIs}}},
	shorttitle   = {{{SFTSDH}}},
	author       = {Chatterjee, Ayan and Gerdes, Martin W. and Khatiwada, Pankaj and Prinz, Andreas},
	volume       = 10,
	pages        = {41914--41934},
	doi          = {10.1109/ACCESS.2022.3165548},
	issn         = {2169-3536},
	date         = 2022,
	journaltitle = {IEEE Access},
	eventtitle   = {{{IEEE Access}}},
}
@inproceedings{chondamrongkulAutomatedSecurityAnalysis2020,
	title        = {Automated {{Security Analysis}} for {{Microservice Architecture}}},
	author       = {Chondamrongkul, Nacha and Sun, Jing and Warren, Ian},
	booktitle    = {2020 {{IEEE International Conference}} on {{Software Architecture Companion}} ({{ICSA-C}})},
	pages        = {79--82},
	doi          = {10.1109/ICSA-C50368.2020.00024},
	date         = {2020-03},
	eventtitle   = {2020 {{IEEE International Conference}} on {{Software Architecture Companion}} ({{ICSA-C}})},
}
@online{ClientAuthenticationSupport,
	title        = {Client {{Authentication Support}} :: {{Spring Security}}},
	url          = {https://docs.spring.io/spring-security/reference/servlet/oauth2/client/client-authentication.html},
	urldate      = {2023-06-30}
}
@video{cockroftadrianMigratingMicroservicesAdrian2014,
	title        = {Migrating to {{Microservices}} by {{Adrian Cockroft}} ({{Part}} 1)},
	url          = {https://www.youtube.com/watch?v=1wiMLkXz26M},
	urldate      = {2022-12-23},
	entrysubtype = {video},
	editor       = {{Cockroft, Adrian}},
	editortype   = {director},
	date         = {2014-08-08}
}
@online{computersecuritydivisionRoleBasedAccess2016,
	title        = {Role {{Based Access Control}} | {{CSRC}} | {{CSRC}}},
	author       = {Computer Security Division, Information Technology Laboratory},
	url          = {https://csrc.nist.gov/projects/role-based-access-control},
	urldate      = {2023-07-14},
	date         = {2016-11-21},
	organization = {{CSRC | NIST}}
}
@online{CoreFeatures,
	title        = {Core {{Features}}},
	url          = {https://docs.spring.io/spring-boot/docs/current/reference/html/features.html#features.external-config},
	urldate      = {2023-06-06}
}
@online{CostDataBreach,
	title        = {Cost of a Data Breach 2022 | {{IBM}}},
	url          = {https://www.ibm.com/reports/data-breach},
	urldate      = {2023-07-14}
}
@online{CostDataBreach2023,
	title        = {Cost of a Data Breach 2022},
	url          = {https://www.ibm.com/reports/data-breach},
	urldate      = {2023-07-14},
	date         = {2023-04-25},
}
@article{daweiDesignAchievementSecurity2021,
	title        = {Design and {{Achievement}} of {{Security Mechanism}} of {{API Gateway Platform Based}} on {{Microservice Architecture}}},
	author       = {Dawei, Yang and Yang, Gao and Wei, He and Kai, Li},
	volume       = 1738,
	number       = 1,
	pages        = {012046},
	doi          = {10.1088/1742-6596/1738/1/012046},
	issn         = {1742-6588, 1742-6596},
	url          = {https://iopscience.iop.org/article/10.1088/1742-6596/1738/1/012046},
	urldate      = {2022-10-26},
	date         = {2021-01-01},
	journaltitle = {Journal of Physics: Conference Series},
	shortjournal = {J. Phys.: Conf. Ser.},
}
@article{dealmeidaAuthenticationAuthorizationMicroservices2022,
	title        = {Authentication and {{Authorization}} in {{Microservices Architecture}}: {{A Systematic Literature Review}}},
	shorttitle   = {Authentication and {{Authorization}} in {{Microservices Architecture}}},
	author       = {family=Almeida, given=Murilo Góes, prefix=de, useprefix=true and Canedo, Edna Dias},
	publisher    = {{Multidisciplinary Digital Publishing Institute}},
	volume       = 12,
	number       = 6,
	pages        = 3023,
	doi          = {10.3390/app12063023},
	issn         = {2076-3417},
	url          = {https://www.mdpi.com/2076-3417/12/6/3023},
	urldate      = {2022-09-21},
	date         = {2022-01},
	journaltitle = {Applied Sciences},
	issue        = 6,
}
@report{dennissOAuthDeviceAuthorization2019,
	title        = {{{OAuth}} 2.0 {{Device Authorization Grant}}},
	author       = {Denniss, William and Bradley, John and Jones, Michael and Tschofenig, Hannes},
	number       = {RFC 8628},
	doi          = {10.17487/RFC8628},
	url          = {https://datatracker.ietf.org/doc/rfc8628},
	urldate      = {2022-12-19},
	type         = {Request for Comments},
	date         = {2019-08},
	institution  = {{Internet Engineering Task Force}},
	pagetotal    = 21
}
@report{dennissOAuthNativeApps2017,
	title        = {{{OAuth}} 2.0 for {{Native Apps}}},
	author       = {Denniss, W. and Bradley, J.},
	number       = {RFC8252},
	pages        = {RFC8252},
	doi          = {10.17487/RFC8252},
	url          = {https://www.rfc-editor.org/info/rfc8252},
	urldate      = {2023-06-27},
	date         = {2017-10},
	institution  = {{RFC Editor}},
}
@inproceedings{deo.juniorExtensibleSecureArchitecture2022,
	title        = {An {{Extensible}} and {{Secure Architecture}} Based on {{Microservices}}},
	author       = {family=O. Júnior, given=Roberto S., prefix=de, useprefix=true and family=Silva, given=Ruan C. A., prefix=da, useprefix=true and Santos, Marcelo Souza and Albuquerque, Danyllo W. and Almeida, Hyggo O. and Santos, Danilo F. S.},
	booktitle    = {2022 {{IEEE International Conference}} on {{Consumer Electronics}} ({{ICCE}})},
	pages        = {01--02},
	doi          = {10.1109/ICCE53296.2022.9730757},
	issn         = {2158-4001},
	date         = {2022-01},
	eventtitle   = {2022 {{IEEE International Conference}} on {{Consumer Electronics}} ({{ICCE}})},
}
@online{DeprecationKeycloakAdapters,
	title        = {Deprecation of {{Keycloak}} Adapters - {{Keycloak}}},
	url          = {https://www.keycloak.org/2022/02/adapter-deprecation},
	urldate      = {2023-06-18}
}
@online{dhadukMicroservicesFrameworksScalable2022,
	title        = {Microservices {{Frameworks}} for a {{Scalable Application}}},
	author       = {Dhaduk, Hiren},
	url          = {https://www.simform.com/blog/microservices-framework/},
	urldate      = {2023-07-15},
	date         = {2022-03-15T10:34:49+00:00},
	organization = {{Simform - Product Engineering Company}}
}
@online{dinhtuanDevelopmentFrameworksMicroservicebased2022,
	title        = {Development {{Frameworks}} for {{Microservice-based Applications}}: {{Evaluation}} and {{Comparison}}},
	shorttitle   = {Development {{Frameworks}} for {{Microservice-based Applications}}},
	author       = {Dinh-Tuan, Hai and Mora-Martinez, Maria and Beierle, Felix and Garzon, Sandro Rodriguez},
	url          = {http://arxiv.org/abs/2203.07267},
	urldate      = {2023-07-15},
	date         = {2022-03-14},
	eprint       = {2203.07267},
	eprinttype   = {arxiv},
	eprintclass  = {cs},
	pubstate     = {preprint},
}
@online{dragoniMicroservicesYesterdayToday2017,
	title        = {Microservices: Yesterday, Today, and Tomorrow},
	shorttitle   = {Microservices},
	author       = {Dragoni, Nicola and Giallorenzo, Saverio and Lafuente, Alberto Lluch and Mazzara, Manuel and Montesi, Fabrizio and Mustafin, Ruslan and Safina, Larisa},
	url          = {http://arxiv.org/abs/1606.04036},
	urldate      = {2022-12-23},
	date         = {2017-04-20},
	eprint       = {1606.04036},
	eprinttype   = {arxiv},
	eprintclass  = {cs},
	pubstate     = {preprint},
}
@report{erturk2020CITRENZConference2020,
	title        = {2020 {{CITRENZ Conference Book}}. {{Proceedings}} of the 10th {{Annual Conference}} of {{Computing}} and {{Information Technology Education}} and {{Research}} in {{New Zealand}}},
	author       = {Erturk, Emre},
	doi          = {10.35542/osf.io/93q6c},
	url          = {https://osf.io/93q6c},
	urldate      = {2022-12-14},
	type         = {preprint},
	date         = {2020-11-18},
	institution  = {{EdArXiv}},
}
@report{erturk2020CITRENZConference2020a,
	title        = {2020 {{CITRENZ Conference Book}}},
	author       = {Erturk, Emre},
	doi          = {10.35542/osf.io/93q6c},
	url          = {https://osf.io/93q6c},
	urldate      = {2023-06-27},
	type         = {preprint},
	date         = {2020-11-18},
	institution  = {{EdArXiv}},
}
@incollection{ferraioloRoleBasedAccessControls1992,
	title        = {Role-{{Based Access Controls}}},
	author       = {Ferraiolo, David and Kuhn, Richard},
	booktitle    = {Proceedings of the 15th {{National Computer Security Conference}}},
	publisher    = {{National Institute of Standards and Technoloty}},
	pages        = {554--563},
	doi          = {10/13/role-based-access-controls},
	url          = {https://csrc.nist.gov/publications/detail/conference-paper/1992/10/13/role-based-access-controls},
	urldate      = {2023-07-14},
	date         = {1992-10-13},
	eventtitle   = {15th {{National Computer Security Conference}} ({{NCSC}}); {{October}} 13-16, 1992; {{Baltimore}}, {{Maryland}}, {{United States}}},
}
@report{fieldingHypertextTransferProtocol2014,
	title        = {Hypertext {{Transfer Protocol}} ({{HTTP}}/1.1): {{Message Syntax}} and {{Routing}}},
	shorttitle   = {Hypertext {{Transfer Protocol}} ({{HTTP}}/1.1)},
	author       = {Fielding, R. and Reschke, J.},
	number       = {RFC7230},
	pages        = {RFC7230},
	doi          = {10.17487/rfc7230},
	url          = {https://www.rfc-editor.org/info/rfc7230},
	urldate      = {2023-06-30},
	date         = {2014-06},
	institution  = {{RFC Editor}},
}
@online{FinalOpenIDConnect,
	title        = {Final: {{OpenID Connect Discovery}} 1.0 Incorporating Errata Set 1},
	url          = {https://openid.net/specs/openid-connect-discovery-1_0.html},
	urldate      = {2023-06-26}
}
@thesis{florenImplementationAnalysisAuthentication2021,
	title        = {Implementation and {{Analysis}} of {{Authentication}} and {{Authorization Methods}} in a {{Microservice Architecture}}: {{A Comparison Between Microservice Security Design Patterns}} for {{Authentication}} and {{Authorization Flows}}},
	author       = {Florén, Simon Tran},
	date         = 2021,
}
@online{fybishAuthenticationMicroservicesApproaches2022,
	title        = {Authentication in {{Microservices}}: {{Approaches}} and {{Techniques}}},
	shorttitle   = {Authentication in {{Microservices}}},
	author       = {Fybish, Ron},
	url          = {https://frontegg.com/blog/authentication-in-microservices},
	urldate      = {2022-09-21},
	date         = {2022-02-03T14:58:57+00:00},
	organization = {{Frontegg}},
}
@article{gandhiStudyCurrentScenario2015,
	title        = {A {{Study}} on {{Current Scenario}} of {{Audio Encryption}}},
	author       = {Gandhi, R. A. and Gosai, A. M.},
	volume       = 116,
	number       = 7,
	pages        = {13--17},
	date         = {2015-04-22},
	journaltitle = {International Journal of Computer Applications (0975 – 8887)}
}
@online{GettingStartedBuilding,
	title        = {Getting {{Started}} | {{Building}} a {{Gateway}}},
	url          = {https://spring.io/guides/gs/gateway/},
	urldate      = {2023-06-11},
	organization = {{Getting Started | Building a Gateway}}
}
@online{GettingStartedSpring,
	title        = {Getting {{Started}} | {{Spring Boot}} and {{OAuth2}}},
	url          = {https://spring.io/guides/tutorials/spring-boot-oauth2/},
	urldate      = {2023-06-06},
	organization = {{Getting Started | Spring Boot and OAuth2}}
}
@inproceedings{guijaIdentityAccessControl2018,
	title        = {Identity and {{Access Control}} for Micro-Services Based {{5G NFV}} Platforms},
	author       = {Guija, Daniel and Siddiqui, Muhammad Shuaib},
	booktitle    = {Proceedings of the 13th {{International Conference}} on {{Availability}}, {{Reliability}} and {{Security}}},
	location     = {{New York, NY, USA}},
	publisher    = {{Association for Computing Machinery}},
	series       = {{{ARES}} 2018},
	pages        = {1--10},
	doi          = {10.1145/3230833.3233255},
	isbn         = {978-1-4503-6448-5},
	url          = {https://doi.org/10.1145/3230833.3233255},
	urldate      = {2022-12-13},
	date         = {2018-08-27},
}
@inproceedings{guptaSecurityAnalysisVoiceoverIP2007,
	title        = {Security {{Analysis}} of {{Voice-over-IP Protocols}}},
	author       = {Gupta, P. and Shmatikov, V.},
	booktitle    = {20th {{IEEE Computer Security Foundations Symposium}} ({{CSF}}'07)},
	location     = {{Venice, Italy}},
	publisher    = {{IEEE}},
	pages        = {49--63},
	date         = {2007-07},
	eventtitle   = {20th {{IEEE Computer Security Foundations Symposium}} ({{CSF}}'07)},
}
@online{HandlingLogoutsSpring,
	title        = {Handling {{Logouts}} :: {{Spring Security}}},
	url          = {https://docs.spring.io/spring-security/reference/servlet/authentication/logout.html},
	urldate      = {2023-06-13}
}
@article{hannousseSecuringMicroservicesMicroservice2021,
	title        = {Securing Microservices and Microservice Architectures: {{A}} Systematic Mapping Study},
	shorttitle   = {Securing Microservices and Microservice Architectures},
	author       = {Hannousse, Abdelhakim and Yahiouche, Salima},
	volume       = 41,
	pages        = 100415,
	doi          = {10.1016/j.cosrev.2021.100415},
	issn         = {1574-0137},
	url          = {https://www.sciencedirect.com/science/article/pii/S1574013721000551},
	urldate      = {2022-09-21},
	date         = {2021-08-01},
	journaltitle = {Computer Science Review},
	shortjournal = {Computer Science Review},
}
@report{hardtOAuthAuthorizationFramework2012,
	title        = {The {{OAuth}} 2.0 {{Authorization Framework}}},
	author       = {Hardt, Dick},
	number       = {RFC 6749},
	doi          = {10.17487/RFC6749},
	url          = {https://datatracker.ietf.org/doc/rfc6749},
	urldate      = {2022-12-12},
	type         = {Request for Comments},
	date         = {2012-10},
	institution  = {{Internet Engineering Task Force}},
	pagetotal    = 76
}
@report{hardtOAuthAuthorizationFramework2012a,
	title        = {The {{OAuth}} 2.0 {{Authorization Framework}}},
	author       = {Hardt, D.},
	number       = {RFC6749},
	pages        = {RFC6749},
	doi          = {10.17487/rfc6749},
	url          = {https://www.rfc-editor.org/info/rfc6749},
	urldate      = {2023-06-30},
	date         = {2012-10},
	institution  = {{RFC Editor}},
}
@report{hardtOAuthAuthorizationFramework2022,
	title        = {The {{OAuth}} 2.1 {{Authorization Framework}}},
	author       = {Hardt, Dick and Parecki, Aaron and Lodderstedt, Torsten},
	number       = {draft-ietf-oauth-v2-1-07},
	url          = {https://datatracker.ietf.org/doc/draft-ietf-oauth-v2-1},
	urldate      = {2022-12-31},
	type         = {Internet Draft},
	date         = {2022-10-24},
	institution  = {{Internet Engineering Task Force}},
	pagetotal    = 86
}
@report{hardtOAuthAuthorizationFramework2023,
	title        = {The {{OAuth}} 2.1 {{Authorization Framework}}},
	author       = {Hardt, Dick and Parecki, Aaron and Lodderstedt, Torsten},
	number       = {draft-ietf-oauth-v2-1-08},
	url          = {https://datatracker.ietf.org/doc/draft-ietf-oauth-v2-1},
	urldate      = {2023-06-27},
	type         = {Internet Draft},
	date         = {2023-03-13},
	institution  = {{Internet Engineering Task Force}},
	pagetotal    = 88
}
@book{hellerAutomatingWorkflowsGitHub2021,
	title        = {Automating {{Workflows}} with {{GitHub Actions}}. {{Automate}} Software Development Workflows and Seamlessly Deploy Your Applications Using {{GitHub Actions}}.},
	author       = {Heller, Priscila},
	publisher    = {{Packt}},
	date         = 2021
}
@online{HowFixKeycloak2022,
	title        = {How {{To Fix Keycloak Oauth2 OIDC Logout With Spring Cloud Gateway}}},
	url          = {https://refactorfirst.com/fix-keycloak-oauth2-oidc-logout-with-spring-cloud-gateway},
	urldate      = {2023-06-12},
	date         = {2022-08-11T00:00:00},
	organization = {{RefactorFirst}}
}
@video{ideskogOAuthOpenIDConnect,
	title        = {{{OAuth}} and {{OpenID Connect}} for {{Microservices}}},
	publisher    = {{NOrdic APIs}},
	url          = {https://www.youtube.com/watch?v=BdKmZ7mPNns},
	entrysubtype = {video},
	editor       = {Ideskog, Jacop},
	editortype   = {director}
}
@incollection{indrasiriSecuringMicroservices2018,
	title        = {Securing {{Microservices}}},
	author       = {Indrasiri, Kasun and Siriwardena, Prabath},
	booktitle    = {Microservices for the {{Enterprise}}: {{Designing}}, {{Developing}}, and {{Deploying}}},
	location     = {{Berkeley, CA}},
	publisher    = {{Apress}},
	pages        = {347--371},
	doi          = {10.1007/978-1-4842-3858-5_12},
	isbn         = {978-1-4842-3858-5},
	url          = {https://doi.org/10.1007/978-1-4842-3858-5_12},
	urldate      = {2022-11-16},
	editor       = {Indrasiri, Kasun and Siriwardena, Prabath},
	date         = 2018,
}
@online{IntroductionSpringFramework,
	title        = {Introduction to {{Spring Framework}}},
	url          = {https://docs.spring.io/spring-framework/docs/3.2.x/spring-framework-reference/html/overview.html},
	urldate      = {2023-06-06}
}
@report{ITUTRecommendation1142003,
	title        = {{{ITU-T Recommendation G}}.114: {{One-way}} Transmission Time},
	url          = {https://www.itu.int/rec/T-REC-G.114/en},
	urldate      = {2021-12-10},
	date         = 2003,
	institution  = {{International Telecommuniation Union}}
}
@video{jacksonMicroserviceAuthenticationAuthorization2019,
	title        = {Microservice {{Authentication}} and {{Authorization}}},
	url          = {https://www.youtube.com/watch?v=ZjPF8yZ83Wo},
	urldate      = {2022-12-18},
	entrysubtype = {video},
	editor       = {Jackson, Nic},
	editortype   = {director},
	date         = {2019-02-15}
}
@article{janderDefenseindepthRoleAuthentication2018,
	title        = {Defense-in-Depth and {{Role Authentication}} for {{Microservice Systems}}},
	author       = {Jander, Kai and Braubach, Lars and Pokahr, Alexander},
	series       = {The 9th {{International Conference}} on {{Ambient Systems}}, {{Networks}} and {{Technologies}} ({{ANT}} 2018) / {{The}} 8th {{International Conference}} on {{Sustainable Energy Information Technology}} ({{SEIT-2018}}) / {{Affiliated Workshops}}},
	volume       = 130,
	pages        = {456--463},
	doi          = {10.1016/j.procs.2018.04.047},
	issn         = {1877-0509},
	url          = {https://www.sciencedirect.com/science/article/pii/S1877050918304009},
	urldate      = {2022-12-05},
	date         = {2018-01-01},
	journaltitle = {Procedia Computer Science},
	shortjournal = {Procedia Computer Science},
}
@article{jinSecureEdgeComputing2020,
	title        = {Secure {{Edge Computing Management Based}} on {{Independent Microservices Providers}} for {{Gateway-Centric IoT Networks}}},
	author       = {Jin, Wenquan and Xu, Rongxu and You, Taewan and Hong, Yong-Geun and Kim, Dohyeun},
	volume       = 8,
	pages        = {187975--187990},
	doi          = {10.1109/ACCESS.2020.3030297},
	issn         = {2169-3536},
	date         = 2020,
	journaltitle = {IEEE Access},
	eventtitle   = {{{IEEE Access}}},
}
@report{jonesJSONWebEncryption2015,
	title        = {{{JSON Web Encryption}} ({{JWE}})},
	author       = {Jones, Michael and Hildebrand, Joe},
	number       = {RFC 7516},
	doi          = {10.17487/RFC7516},
	url          = {https://datatracker.ietf.org/doc/rfc7516},
	urldate      = {2022-12-20},
	type         = {Request for Comments},
	date         = {2015-05},
	institution  = {{Internet Engineering Task Force}},
	pagetotal    = 51
}
@report{jonesJSONWebSignature2015,
	title        = {{{JSON Web Signature}} ({{JWS}})},
	author       = {Jones, Michael and Bradley, John and Sakimura, Nat},
	number       = {RFC 7515},
	doi          = {10.17487/RFC7515},
	url          = {https://datatracker.ietf.org/doc/rfc7515},
	urldate      = {2022-12-20},
	type         = {Request for Comments},
	date         = {2015-05},
	institution  = {{Internet Engineering Task Force}},
	pagetotal    = 59
}
@report{jonesJSONWebToken2015,
	title        = {{{JSON Web Token}} ({{JWT}})},
	author       = {Jones, Michael and Bradley, John and Sakimura, Nat},
	number       = {RFC 7519},
	doi          = {10.17487/RFC7519},
	url          = {https://datatracker.ietf.org/doc/rfc7519},
	urldate      = {2022-12-19},
	type         = {Request for Comments},
	date         = {2015-05},
	institution  = {{Internet Engineering Task Force}},
	pagetotal    = 30
}
@report{jonesOAuthAuthorizationFramework2012,
	title        = {The {{OAuth}} 2.0 {{Authorization Framework}}: {{Bearer Token Usage}}},
	shorttitle   = {The {{OAuth}} 2.0 {{Authorization Framework}}},
	author       = {Jones, Michael and Hardt, Dick},
	number       = {RFC 6750},
	doi          = {10.17487/RFC6750},
	url          = {https://datatracker.ietf.org/doc/rfc6750},
	urldate      = {2022-12-18},
	type         = {Request for Comments},
	date         = {2012-10},
	institution  = {{Internet Engineering Task Force}},
	pagetotal    = 18
}
@report{jonesOAuthAuthorizationServer2018,
	title        = {{{OAuth}} 2.0 {{Authorization Server Metadata}}},
	author       = {Jones, M. and Sakimura, N. and Bradley, J.},
	number       = {RFC8414},
	pages        = {RFC8414},
	doi          = {10.17487/RFC8414},
	url          = {https://www.rfc-editor.org/info/rfc8414},
	urldate      = {2023-06-30},
	date         = {2018-06},
	institution  = {{RFC Editor}},
}
@report{jonesOAuthTokenExchange2020,
	title        = {{{OAuth}} 2.0 {{Token Exchange}}},
	author       = {Jones, Michael and Nadalin, Anthony and Campbell, Brian and Bradley, John and Mortimore, Chuck},
	number       = {RFC 8693},
	doi          = {10.17487/RFC8693},
	url          = {https://datatracker.ietf.org/doc/rfc8693},
	urldate      = {2022-12-20},
	type         = {Request for Comments},
	date         = {2020-01},
	institution  = {{Internet Engineering Task Force}},
	pagetotal    = 27
}
@report{jonesOpenIDConnectRPInitiated2022,
	title        = {{{OpenID Connect RP-Initiated Logout}} 1.0},
	author       = {Jones, Michael and family=Medeiros, given=Breno, prefix=de, useprefix=true and Agarwal, N. and Sakimura, N. and Bradley, John},
	url          = {https://openid.net/specs/openid-connect-rpinitiated-1_0.html},
	urldate      = {2023-06-19},
	date         = {2022-09-12}
}
@online{JwtAuthenticationTokenSpringsecuritydocsAPI,
	title        = {{{JwtAuthenticationToken}} (Spring-Security-Docs 6.1.1 {{API}})},
	url          = {https://docs.spring.io/spring-security/site/docs/current/api/org/springframework/security/oauth2/server/resource/authentication/JwtAuthenticationToken.html},
	urldate      = {2023-06-25}
}
@online{kelechavaRoleBasedAccess2018,
	title        = {Role {{Based Access Control}} ({{RBAC}})},
	author       = {Kelechava, Brad},
	url          = {https://blog.ansi.org/2018/05/role-based-access-control-rbac-incits-359/},
	urldate      = {2023-07-16},
	date         = {2018-05-17T16:45:37+00:00},
	organization = {{The ANSI Blog}}
}
@online{Keycloak,
	title        = {Keycloak},
	url          = {https://www.keycloak.org/},
	urldate      = {2023-06-25}
}
@article{kholyFrameworkInteractionDatabases2019,
	title        = {Framework for {{Interaction Between Databases}} and {{Microservice Architecture}}},
	author       = {Kholy, Mohamed El and Fatatry, Ahmed El},
	volume       = 21,
	number       = 5,
	pages        = {57--63},
	doi          = {10.1109/MITP.2018.2889268},
	issn         = {1520-9202, 1941-045X},
	url          = {https://ieeexplore.ieee.org/document/8832289/},
	urldate      = {2022-09-22},
	date         = {2019-09-01},
	journaltitle = {IT Professional},
	shortjournal = {IT Prof.},
}
@article{kramerImplementingSecureApplications2019,
	title        = {Implementing Secure Applications in Smart City Clouds Using Microservices},
	author       = {Krämer, Michel and Frese, Sven and Kuijper, Arjan},
	volume       = 99,
	pages        = {308--320},
	doi          = {10.1016/j.future.2019.04.042},
	issn         = {0167-739X},
	url          = {https://www.sciencedirect.com/science/article/pii/S0167739X18304539},
	urldate      = {2022-12-05},
	date         = {2019-10-01},
	journaltitle = {Future Generation Computer Systems},
	shortjournal = {Future Generation Computer Systems},
}
@video{laurspilcaSpringSecurityFundamentals2023,
	title        = {Spring {{Security Fundamentals}} - {{Lesson}} 14 - {{The OAuth2 Resource Server}} - {{Part}} 1},
	url          = {https://www.youtube.com/watch?v=j7SOIM_HL5g},
	urldate      = {2023-06-17},
	entrysubtype = {video},
	editor       = {{Laur Spilca}},
	editortype   = {director},
	date         = {2023-01-20}
}
@article{leines-viteInformationCommunicationSecurity2021,
	title        = {Information and {{Communication Security Mechanisms For Microservices-based Systems}}},
	author       = {Leines-Vite, Lenin and Pérez-Arriaga, Juan Carlos and Limón, Xavier},
	volume       = 13,
	number       = 6,
	pages        = {85--103},
	doi          = {10.5121/ijnsa.2021.13607},
	issn         = {09752307},
	url          = {https://aircconline.com/ijnsa/V13N6/13621ijnsa07.pdf},
	urldate      = {2022-12-05},
	date         = {2021-11-30},
	journaltitle = {International Journal of Network Security \& Its Applications},
	shortjournal = {IJNSA},
}
@online{lewisMicroservices2014,
	title        = {Microservices},
	author       = {Lewis, James and Fowler, Martin},
	url          = {https://martinfowler.com/articles/microservices.html},
	urldate      = {2022-12-23},
	date         = {2014-03-25},
	organization = {{martinfowler.com}}
}
@report{lodderstedtOAuthSecurityBest2018,
	title        = {{{OAuth}} 2.0 {{Security Best Current Practice}}},
	author       = {Lodderstedt, Torsten and Bradley, John and Labunets, Aney and Fett, Daniel},
	number       = {draft-ietf-oauth-security-topics-11.pdf},
	url          = {https://datatracker.ietf.org/doc/draft-ietf-oauth-security-topics/11/},
	type         = {Internet Draft},
	date         = {2018-12},
	institution  = {{Internet Engineering Task Force (IETF)}}
}
@report{lodderstedtOAuthSecurityBest2018a,
	title        = {{{OAuth}} 2.0 {{Security Best Current Practice}}},
	author       = {Lodderstedt, Torsten and Bradley, John and Labunets, Aney and Fett, Daniel},
	number       = {draft-ietf-oauth-security-topics-09},
	url          = {https://datatracker.ietf.org/doc/draft-ietf-oauth-security-topics/09/},
	urldate      = {2022-12-22},
	type         = {Internet Draft},
	date         = {2018-11},
	institution  = {{Internet Engineering Task Force}}
}
@online{lodderstedtOAuthSecurityBest2018b,
	title        = {{{OAuth}} 2.0 {{Security Best Current Practice}}},
	author       = {Lodderstedt, T.},
	url          = {http://www.watersprings.org/pub/id/draft-ietf-oauth-security-topics-06.html},
	urldate      = {2022-12-02},
	date         = {2018-05-20},
}
@report{lodderstedtOAuthSecurityBest2022,
	title        = {{{OAuth}} 2.0 {{Security Best Current Practice}}},
	author       = {Lodderstedt, Torsten and Bradley, John and Labunets, Aney and Fett, Daniel},
	number       = {draft-ietf-oauth-security-topics-21},
	url          = {https://datatracker.ietf.org/doc/draft-ietf-oauth-security-topics},
	urldate      = {2022-12-02},
	type         = {Internet Draft},
	date         = {2022-09-27},
	institution  = {{Internet Engineering Task Force}},
	pagetotal    = 56
}
@report{lodderstedtOAuthSecurityBest2023,
	title        = {{{OAuth}} 2.0 {{Security Best Current Practice}}},
	author       = {Lodderstedt, Torsten and Bradley, John and Labunets, Aney and Fett, Daniel},
	number       = {draft-ietf-oauth-security-topics-23},
	url          = {https://datatracker.ietf.org/doc/draft-ietf-oauth-security-topics},
	urldate      = {2023-06-18},
	type         = {Internet Draft},
	date         = {2023-06-05},
	institution  = {{Internet Engineering Task Force}},
	pagetotal    = 62
}
@report{lodderstedtOAuthSecurityBest2023a,
	title        = {{{OAuth}} 2.0 {{Security Best Current Practice}}},
	author       = {Lodderstedt, Torsten and Bradley, John and Labunets, Aney and Fett, Daniel},
	number       = {draft-ietf-oauth-security-topics-23},
	url          = {https://datatracker.ietf.org/doc/draft-ietf-oauth-security-topics},
	urldate      = {2023-06-27},
	type         = {Internet Draft},
	date         = {2023-06-05},
	institution  = {{Internet Engineering Task Force}},
	pagetotal    = 62
}
@report{lodderstedtOAuthThreatModel2013,
	title        = {{{OAuth}} 2.0 {{Threat Model}} and {{Security Considerations}}},
	author       = {Lodderstedt, Torsten and McGloin, Mark and Hunt, Phil},
	number       = {RFC 6819},
	doi          = {10.17487/RFC6819},
	url          = {https://datatracker.ietf.org/doc/rfc6819},
	urldate      = {2022-12-20},
	type         = {Request for Comments},
	date         = {2013-01},
	institution  = {{Internet Engineering Task Force}},
	pagetotal    = 71
}
@inproceedings{luSecureMicroserviceFramework2017,
	title        = {A {{Secure Microservice Framework}} for {{IoT}}},
	author       = {Lu, Duo and Huang, Dijiang and Walenstein, Andrew and Medhi, Deep},
	booktitle    = {2017 {{IEEE Symposium}} on {{Service-Oriented System Engineering}} ({{SOSE}})},
	pages        = {9--18},
	doi          = {10.1109/SOSE.2017.27},
	date         = {2017-04},
	eventtitle   = {2017 {{IEEE Symposium}} on {{Service-Oriented System Engineering}} ({{SOSE}})},
}
@article{luSurveyMicroservicesTrust2023,
	title        = {A {{Survey}} on {{Microservices Trust Models}} for {{Open Systems}}},
	author       = {Lu, Zhongyi and Delaney, Declan T. and Lillis, David},
	volume       = 11,
	pages        = {28840--28855},
	doi          = {10.1109/ACCESS.2023.3260147},
	issn         = {2169-3536},
	date         = 2023,
	journaltitle = {IEEE Access},
	eventtitle   = {{{IEEE Access}}},
}
@online{MajorReasonsChoose2023,
	title        = {7 {{Major Reasons}} to {{Choose Spring Boot For Microservices Development}}},
	url          = {https://www.geeksforgeeks.org/why-to-choose-spring-boot-for-microservices-development/},
	urldate      = {2023-07-15},
	date         = {2023-04-03T23:47:50+00:00},
	organization = {{GeeksforGeeks}}
}
@inproceedings{matarApproachEvaluatingPotential2023,
	title        = {An {{Approach}} for {{Evaluating}} the {{Potential Impact}} of {{Anti-Patterns}} on {{Microservices Performance}}},
	author       = {Matar, Raghad and Jahić, Jasmin},
	booktitle    = {2023 {{IEEE}} 20th {{International Conference}} on {{Software Architecture Companion}} ({{ICSA-C}})},
	pages        = {167--170},
	doi          = {10.1109/ICSA-C57050.2023.00044},
	issn         = {2768-4288},
	date         = {2023-03},
	eventtitle   = {2023 {{IEEE}} 20th {{International Conference}} on {{Software Architecture Companion}} ({{ICSA-C}})},
}
@article{mateus-coelhoSecurityMicroservicesArchitectures2021,
	title        = {Security in {{Microservices Architectures}}},
	author       = {Mateus-Coelho, Nuno and Cruz-Cunha, Manuela and Ferreira, Luis Gonzaga},
	series       = {{{CENTERIS}} 2020 - {{International Conference}} on {{ENTERprise Information Systems}} / {{ProjMAN}} 2020 - {{International Conference}} on {{Project MANagement}} / {{HCist}} 2020 - {{International Conference}} on {{Health}} and {{Social Care Information Systems}} and {{Technologies}} 2020, {{CENTERIS}}/{{ProjMAN}}/{{HCist}} 2020},
	volume       = 181,
	pages        = {1225--1236},
	doi          = {10.1016/j.procs.2021.01.320},
	issn         = {1877-0509},
	url          = {https://www.sciencedirect.com/science/article/pii/S1877050921003719},
	urldate      = {2022-11-25},
	date         = {2021-01-01},
	journaltitle = {Procedia Computer Science},
	shortjournal = {Procedia Computer Science},
}
@online{mcgovernOAuthHowMany2019,
	title        = {{{OAuth}} 2.1: {{How Many RFCs Does}} It {{Take}} to {{Change}} a {{Lightbulb}}?},
	shorttitle   = {{{OAuth}} 2.1},
	author       = {McGovern, Lee},
	url          = {https://developer.okta.com/blog/2019/12/13/oauth-2-1-how-many-rfcs},
	urldate      = {2022-12-31},
	date         = {2019-12-13},
	organization = {{Okta Developer}}
}
@report{MicroservicesEnterprise20212021,
	title        = {Microservices in the Enterprise, 2021: {{Real}} Benefits, Worth the Challenges. {{How}} Organizations Are Finding Speed, Agility and Resiliency through Microservices.},
	url          = {https://www.ibm.com/downloads/cas/OQG4AJAM},
	urldate      = {2023-07-15},
	type         = {White paper},
	date         = 2021,
	institution  = {{IBM Market Development \& Insights}}
}
@online{MicroservicesPatternPattern,
	title        = {Microservices {{Pattern}}: {{A}} Pattern Language for Microservices},
	shorttitle   = {Microservices {{Pattern}}},
	url          = {http://microservices.io/patterns/},
	urldate      = {2022-12-13},
	organization = {{microservices.io}}
}
@online{MicroservicesUseOrganizations,
	title        = {Microservices Use in Organizations Worldwide 2021},
	url          = {https://www.statista.com/statistics/1236823/microservices-usage-per-organization-size/},
	urldate      = {2023-07-15},
	organization = {{Statista}}
}
@inproceedings{mohamedQoSEvaluationVoIP2015,
	title        = {{{QoS}} Evaluation in {{VoIP}} Software with and without {{Blowfish}} Encryption Module},
	author       = {Mohamed, Khelf and Mohamed, Ouslim and Hamoudi, M. and Masmoudi, M.},
	booktitle    = {2015 3rd {{International Conference}} on {{Control}}, {{Engineering}} \& {{Information Technology}} ({{CEIT}})},
	location     = {{Tlemcen, Algeria}},
	publisher    = {{IEEE}},
	pages        = {1--6},
	doi          = {10.1109/CEIT.2015.7233024},
	isbn         = {978-1-4799-8212-7},
	url          = {http://ieeexplore.ieee.org/document/7233024/},
	urldate      = {2021-12-14},
	date         = {2015-05},
	eventtitle   = {2015 3rd {{International Conference}} on {{Control}}, {{Engineering}} \& {{Information Technology}} ({{CEIT}})},
}
@article{namiotMicroservicesArchitecture2014,
	title        = {On {{Micro-services Architecture}}},
	author       = {Namiot, Dmitry and family=sneppe, given=Manfred, prefix=sneps-, useprefix=true},
	volume       = 2,
	pages        = {24--27},
	date         = {2014-09-01},
	journaltitle = {Interenational Journal of Open Information Technologies},
	shortjournal = {Interenational Journal of Open Information Technologies}
}
@inproceedings{nehmeFineGrainedAccessControl2019,
	title        = {Fine-{{Grained Access Control}} for {{Microservices}}},
	author       = {Nehme, Antonio and Jesus, Vitor and Mahbub, Khaled and Abdallah, Ali},
	booktitle    = {Foundations and {{Practice}} of {{Security}}},
	location     = {{Cham}},
	publisher    = {{Springer International Publishing}},
	series       = {Lecture {{Notes}} in {{Computer Science}}},
	pages        = {285--300},
	doi          = {10.1007/978-3-030-18419-3_19},
	isbn         = {978-3-030-18419-3},
	editor       = {Zincir-Heywood, Nur and Bonfante, Guillaume and Debbabi, Mourad and Garcia-Alfaro, Joaquin},
	date         = 2019,
}
@article{nehmeSecuringMicroservices2019,
	title        = {Securing {{Microservices}}},
	author       = {Nehme, Antonio and Jesus, Vitor and Mahbub, Khaled and Abdallah, Ali},
	volume       = 21,
	number       = 1,
	pages        = {42--49},
	doi          = {10.1109/MITP.2018.2876987},
	issn         = {1941-045X},
	date         = {2019-01},
	journaltitle = {IT Professional},
	eventtitle   = {{{IT Professional}}},
}
@article{newmanMonolithMicroservices,
	title        = {Monolith to {{Microservices}}},
	author       = {Newman, Sam},
}
@book{newmanMonolithMicroservicesEvolutionary2020,
	title        = {Monolith to {{Microservices}}. {{Evolutionary Patterns}} to {{Transform Your Monolith}}.},
	author       = {Newman, Sam},
	publisher    = {{O'Reilly}},
	date         = 2020,
}
@article{nguyenApplyingSpringSecurity2019,
	title        = {Applying {{Spring Security Framework}} and {{OAuth2 To Protect Microservice Architecture API}}},
	author       = {Nguyen, Quy and Baker, Oras},
	pages        = {257--264},
	doi          = {10.17706/jsw.14.6.257-264},
	issn         = {1796217X},
	url          = {http://www.jsoftware.us/index.php?m=content&c=index&a=show&catid=208&id=2948},
	urldate      = {2022-12-05},
	date         = {2019-06},
	journaltitle = {Journal of Software},
	shortjournal = {JSW},
}
@article{nguyenBMDDNovelApproach2022,
	title        = {{{BMDD}}: A Novel Approach for {{IoT}} Platform (Broker-Less and Microservice Architecture, Decentralized Identity, and Dynamic Transmission Messages)},
	shorttitle   = {{{BMDD}}},
	author       = {Nguyen, Lam Tran Thanh and Ha, Son Xuan and Le, Trieu Hai and Luong, Huong Hoang and Vo, Khanh Hong and Nguyen, Khoi Huynh Tuan and Nguyen, Anh The and Dao, Tuan Anh and Nguyen, Hy Vuong Khang},
	publisher    = {{PeerJ Inc.}},
	volume       = 8,
	pages        = {e950},
	doi          = {10.7717/peerj-cs.950},
	issn         = {2376-5992},
	url          = {https://peerj.com/articles/cs-950},
	urldate      = {2022-12-05},
	date         = {2022-04-22},
	journaltitle = {PeerJ Computer Science},
	shortjournal = {PeerJ Comput. Sci.},
}
@online{OAuth,
	title        = {{{OAuth}} 2.1},
	url          = {https://oauth.net/2.1/},
	urldate      = {2022-12-29}
}
@online{OAuth2ResourceServerConfigurerSpringsecuritydocsAPI,
	title        = {{{OAuth2ResourceServerConfigurer}} (Spring-Security-Docs 6.1.0 {{API}})},
	url          = {https://docs.spring.io/spring-security/site/docs/current/api/org/springframework/security/config/annotation/web/configurers/oauth2/server/resource/OAuth2ResourceServerConfigurer.html},
	urldate      = {2023-06-18}
}
@online{OAuth2TokenValidatorSpringsecuritydocsAPI,
	title        = {{{OAuth2TokenValidator}} (Spring-Security-Docs 6.1.1 {{API}})},
	url          = {https://docs.spring.io/spring-security/site/docs/current/api/org/springframework/security/oauth2/core/OAuth2TokenValidator.html},
	urldate      = {2023-06-30}
}
@online{OAuthCom,
	title        = {{{OAuth}}.Com},
	url          = {https://www.oauth.com/},
	urldate      = {2022-12-12},
	organization = {{OAuth 2.0 Simplified}}
}
@online{OAuthOAuth,
	title        = {{{OAuth}} 2.0 — {{OAuth}}},
	url          = {https://oauth.net/2/},
	urldate      = {2023-07-15}
}
@online{OAuthResourceServer,
	title        = {{{OAuth}} 2.0 {{Resource Server JWT}} :: {{Spring Security}}},
	url          = {https://docs.spring.io/spring-security/reference/servlet/oauth2/resource-server/jwt.html},
	urldate      = {2023-06-16}
}
@online{OAuthResourceServera,
	title        = {{{OAuth}} 2.0 {{Resource Server JWT}} :: {{Spring Security}}},
	url          = {https://docs.spring.io/spring-security/reference/servlet/oauth2/resource-server/jwt.html},
	urldate      = {2023-06-16}
}
@online{OAuthResourceServerb,
	title        = {{{OAuth}} 2.0 {{Resource Server}} :: {{Spring Security}}},
	url          = {https://docs.spring.io/spring-security/reference/servlet/oauth2/resource-server/index.html},
	urldate      = {2023-06-16}
}
@online{OAuthResourceServerc,
	title        = {{{OAuth}} 2.0 {{Resource Server JWT}} :: {{Spring Security}}},
	url          = {https://docs.spring.io/spring-security/reference/servlet/oauth2/resource-server/jwt.html#oauth2resourceserver-jwt-architecture},
	urldate      = {2023-06-17}
}
@online{OAuthResourceServerd,
	title        = {{{OAuth}} 2.0 {{Resource Server JWT}} :: {{Spring Security}}},
	url          = {https://docs.spring.io/spring-security/reference/servlet/oauth2/resource-server/jwt.html#oauth2resourceserver-jwt-authorization-extraction},
	urldate      = {2023-06-24}
}
@online{OAuthResourceServere,
	title        = {{{OAuth}} 2.0 {{Resource Server JWT}} :: {{Spring Security}}},
	url          = {https://docs.spring.io/spring-security/reference/servlet/oauth2/resource-server/jwt.html#oauth2resourceserver-jwt-validation-custom},
	urldate      = {2023-06-30}
}
@online{OpenIDConnectDiscovery,
	title        = {{{OpenID Connect Discovery}} 1.0},
	url          = {https://openid.net/specs/openid-connect-discovery-1_0.html},
	urldate      = {2023-06-11}
}
@online{otemuyiwaBruteForcingHS256,
	title        = {Brute {{Forcing HS256}} Is {{Possible}}: {{The Importance}} of {{Using Strong Keys}} in {{Signing JWTs}}},
	shorttitle   = {Brute {{Forcing HS256}} Is {{Possible}}},
	author       = {Otemuyiwa, Prosper},
	url          = {https://auth0.com/blog/brute-forcing-hs256-is-possible-the-importance-of-using-strong-keys-to-sign-jwts/},
	urldate      = {2022-12-17},
	organization = {{Auth0 - Blog}}
}
@online{OWASPAPISecurity2019,
	title        = {{{OWASP API Security Project}} | {{OWASP Foundation}}},
	url          = {https://owasp.org/www-project-api-security/},
	urldate      = {2022-12-28},
	date         = 2019,
}
@online{OWASPTop10,
	title        = {{{OWASP Top}} 10 {{API Security Risks}} – 2023 - {{OWASP API Security Top}} 10},
	url          = {https://owasp.org/API-Security/editions/2023/en/0x11-t10/},
	urldate      = {2023-06-27}
}
@online{OWASPTopTen2021,
	title        = {{{OWASP Top Ten}} | {{OWASP Foundation}}},
	url          = {https://owasp.org/www-project-top-ten/},
	urldate      = {2022-12-28},
	date         = 2021,
}
@article{pahlContainerizationPaaSCloud2015,
	title        = {Containerization and the {{PaaS Cloud}}},
	author       = {Pahl, Claus},
	volume       = 2,
	number       = 3,
	pages        = {24--31},
	doi          = {10.1109/MCC.2015.51},
	issn         = {2325-6095},
	date         = {2015-05},
	journaltitle = {IEEE Cloud Computing},
	eventtitle   = {{{IEEE Cloud Computing}}},
}
@online{paraschivConfiguringSpringBoot2015,
	title        = {Configuring {{A Spring Boot Application}} | {{Baeldung}}},
	author       = {Paraschiv, Eugen},
	url          = {https://www.baeldung.com/spring-boot-application-configuration},
	urldate      = {2023-06-06},
	date         = {2015-06-03T09:45:15+00:00},
}
@online{paraschiveugenComparisonSpringSpring2018,
	title        = {A {{Comparison Between Spring}} and {{Spring Boot}} | {{Baeldung}}},
	author       = {{Paraschiv, Eugen}},
	url          = {https://www.baeldung.com/spring-vs-spring-boot},
	urldate      = {2023-06-06},
	date         = {2018-09-29T09:21:58+00:00},
}
@video{pareckiEverythingYouEver2021,
	title        = {Everything {{You Ever Wanted}} to {{Know About OAuth}} and {{OIDC}}},
	publisher    = {{OktaDev}},
	url          = {https://www.youtube.com/watch?v=8aCyojTIW6U},
	urldate      = {2022-12-29},
	entrysubtype = {video},
	editor       = {Parecki, Aaron},
	editortype   = {director},
	date         = {2021-04-09}
}
@online{pareckiItTimeOAuth2019,
	title        = {It's {{Time}} for {{OAuth}} 2.1},
	author       = {Parecki, Aaron},
	url          = {https://aaronparecki.com/2019/12/12/21/its-time-for-oauth-2-dot-1},
	urldate      = {2022-12-31},
	date         = {2019-12},
	organization = {{Aaron Parecki}}
}
@report{pareckiOAuthBrowserBasedApps2023,
	title        = {{{OAuth}} 2.0 for {{Browser-Based Apps}}},
	author       = {Parecki, Aaron and Waite, David},
	number       = {draft-ietf-oauth-browser-based-apps-14},
	url          = {https://datatracker.ietf.org/doc/draft-ietf-oauth-browser-based-apps-14},
	urldate      = {2023-07-14},
	type         = {Internet Draft},
	date         = {2023-06-29},
	institution  = {{Internet Engineering Task Force}},
	pagetotal    = 35
}
@online{pareckiOAuthCommunitySite,
	title        = {{{OAuth Community Site}}},
	author       = {Parecki, Aaron},
	url          = {https://oauth.net/},
	urldate      = {2022-12-19}
}
@online{pareckiOAuthGrantTypes,
	title        = {{{OAuth Grant Types}}},
	author       = {Parecki, Aaron},
	url          = {https://oauth.net/2/grant-types/},
	urldate      = {2023-01-01}
}
@online{pareckiOAuthSimplified,
	title        = {{{OAuth}} 2 {{Simplified}}},
	author       = {Parecki, Aaron},
	url          = {https://aaronparecki.com/oauth-2-simplified},
	urldate      = {2022-12-20},
	organization = {{Aaron Parecki}}
}
@video{pareckiOAuthWhenThings2019,
	title        = {{{OAuth}}: {{When Things Go Wrong}}},
	shorttitle   = {{{OAuth}}},
	publisher    = {{OktaDev}},
	url          = {https://www.youtube.com/watch?v=H6MxsFMAoP8},
	urldate      = {2022-12-20},
	entrysubtype = {video},
	editor       = {Parecki, Aaron},
	editortype   = {director},
	date         = {2019-02-25}
}
@inproceedings{pasomsupHTRBACDesignRolebased2021,
	title        = {{{HT-RBAC}}: {{A Design}} of {{Role-based Access Control Model}} for {{Microservice Security Manager}}},
	shorttitle   = {{{HT-RBAC}}},
	author       = {Pasomsup, Chittipat and Limpiyakorn, Yachai},
	booktitle    = {2021 {{International Conference}} on {{Big Data Engineering}} and {{Education}} ({{BDEE}})},
	pages        = {177--181},
	doi          = {10.1109/BDEE52938.2021.00038},
	date         = {2021-08},
	eventtitle   = {2021 {{International Conference}} on {{Big Data Engineering}} and {{Education}} ({{BDEE}})},
}
@article{pereira-valeSecurityMicroservicebasedSystems2021,
	title        = {Security in Microservice-Based Systems: {{A Multivocal}} Literature Review},
	shorttitle   = {Security in Microservice-Based Systems},
	author       = {Pereira-Vale, Anelis and Fernandez, Eduardo B. and Monge, Raúl and Astudillo, Hernán and Márquez, Gastón},
	volume       = 103,
	pages        = 102200,
	doi          = {10.1016/j.cose.2021.102200},
	issn         = {0167-4048},
	url          = {https://www.sciencedirect.com/science/article/pii/S0167404821000249},
	urldate      = {2022-09-21},
	date         = {2021-04-01},
	journaltitle = {Computers \& Security},
	shortjournal = {Computers \& Security},
}
@article{pereira-valeSecurityMicroservicebasedSystems2021a,
	title        = {Security in Microservice-Based Systems: {{A Multivocal}} Literature Review},
	shorttitle   = {Security in Microservice-Based Systems},
	author       = {Pereira-Vale, Anelis and Fernandez, Eduardo B. and Monge, Raúl and Astudillo, Hernán and Márquez, Gastón},
	volume       = 103,
	pages        = 102200,
	doi          = {10.1016/j.cose.2021.102200},
	issn         = {0167-4048},
	url          = {https://www.sciencedirect.com/science/article/pii/S0167404821000249},
	urldate      = {2022-11-18},
	date         = {2021-04-01},
	journaltitle = {Computers \& Security},
	shortjournal = {Computers \& Security},
}
@inproceedings{perez-boteroVoIPEavesdroppingComprehensive2011,
	title        = {{{VoIP Eavesdropping}}: {{A Comprehensive Evaluation}} of {{Cryptographic Countermeasures}}},
	author       = {Perez-Botero, D. and Donoso, Y.},
	booktitle    = {2011 {{Second International Conference}} on {{Networking}} and {{Distributed Computing}}},
	location     = {{Beijing, China}},
	pages        = {192--196},
	date         = {2011-09},
	eventtitle   = {2011 {{Second International Conference}} on {{Networking}} and {{Distributed Computing}} ({{ICNDC}})}
}
@report{petersonBestPracticesSecuring2021,
	title        = {Best {{Practices}} for {{Securing RTP Media Signaled}} with {{SIP}}},
	author       = {Peterson, J. and Barnes, R. and Housley, R.},
	number       = 8862,
	url          = {https://www.rfc-editor.org/info/rfc8862},
	urldate      = {2021-12-14},
	type         = {Request for Comments},
	date         = 2021,
	institution  = {{Internet Engineering Task Force (IETF)}}
}
@article{preuveneersAccessControlDelegated2017,
	title        = {Access {{Control}} with {{Delegated Authorization Policy Evaluation}} for {{Data-Driven Microservice Workflows}}},
	author       = {Preuveneers, Davy and Joosen, Wouter},
	publisher    = {{Multidisciplinary Digital Publishing Institute}},
	volume       = 9,
	number       = 4,
	pages        = 58,
	doi          = {10.3390/fi9040058},
	issn         = {1999-5903},
	url          = {https://www.mdpi.com/1999-5903/9/4/58},
	urldate      = {2022-11-16},
	date         = {2017-12},
	journaltitle = {Future Internet},
	issue        = 4,
}
@inproceedings{preuveneersMultipartyPolicybasedAccess2019,
	title        = {Towards {{Multi-party Policy-based Access Control}} in {{Federations}} of {{Cloud}} and {{Edge Microservices}}},
	author       = {Preuveneers, Davy and Joosen, Wouter},
	booktitle    = {2019 {{IEEE European Symposium}} on {{Security}} and {{Privacy Workshops}} ({{EuroS}}\&{{PW}})},
	pages        = {29--38},
	doi          = {10.1109/EuroSPW.2019.00010},
	date         = {2019-06},
	eventtitle   = {2019 {{IEEE European Symposium}} on {{Security}} and {{Privacy Workshops}} ({{EuroS}}\&{{PW}})},
}
@online{Principal,
	title        = {Principal},
	url          = {https://docs.oracle.com/en/java/javase/17/docs/api/java.base/java/security/Principal.html},
	urldate      = {2023-06-25},
}
@online{PrincipalJavaDevelopment,
	title        = {Principal ({{Java Development Kit Version}} 17 {{API Specification}})},
	url          = {https://docs.oracle.com/en/java/javase/17/docs/api/java.base/java/security/Principal.html},
	urldate      = {2023-06-25},
}
@report{QualityServiceVoice2001,
	title        = {Quality of {{Service}} for {{Voice}} over {{IP}}},
	url          = {https://www.cisco.com/c/en/us/td/docs/ios/solutions_docs/qos_solutions/QoSVoIP/QoSVoIP.html},
	urldate      = {2021-12-10},
	type         = {White paper},
	date         = 2001,
	institution  = {{Cisco}}
}
@inproceedings{radmandImpactEncryptionQos2010,
	title        = {Impact of {{Encryption}} on {{Qos}} in {{Voip}}},
	author       = {Radmand, P. and Talevski, A.},
	booktitle    = {2010 {{IEEE Second International Conference}} on {{Social Computing}}},
	pages        = {721--726},
	date         = 2010,
	eventtitle   = {2010 {{IEEE Second International Conference}} on {{Social Computing}}},
}
@online{raibleSecurityPatternsMicroservice,
	title        = {Security {{Patterns}} for {{Microservice Architectures}}},
	author       = {Raible, Matt},
	url          = {https://developer.okta.com/blog/2020/03/23/microservice-security-patterns},
	urldate      = {2022-12-28},
	organization = {{Okta Developer}}
}
@online{rattanukulMicrousityTestingTool2023,
	title        = {Microusity: {{A}} Testing Tool for {{Backends}} for {{Frontends}} ({{BFF}}) {{Microservice Systems}}},
	shorttitle   = {Microusity},
	author       = {Rattanukul, Pattarakrit and Makaranond, Chansida and Watanakulcharus, Pumipat and Ragkhitwetsagul, Chaiyong and Nearunchorn, Tanapol and Visoottiviseth, Vasaka and Choetkiertikul, Morakot and Sunetnanta, Thanwadee},
	doi          = {10.48550/arXiv.2302.11150},
	url          = {http://arxiv.org/abs/2302.11150},
	urldate      = {2023-03-15},
	date         = {2023-02-22},
	eprint       = {2302.11150},
	eprinttype   = {arxiv},
	eprintclass  = {cs},
	pubstate     = {preprint},
}
@thesis{rauchAuthxmicroservicesurauchPdf2023,
	title        = {Authx-Microservices-Urauch.Pdf},
	author       = {Rauch, Ursula},
	location     = {{Wien}},
	type         = {bathesis},
	date         = {2023-01-15},
	institution  = {{FH Campus}}
}
@report{rescorlaTransportLayerSecurity2018,
	title        = {The {{Transport Layer Security}} ({{TLS}}) {{Protocol Version}} 1.3},
	author       = {Rescorla, E.},
	number       = 8446,
	type         = {RFC},
	date         = {2018-08},
	institution  = {{IETF}}
}
@inproceedings{resendeEvaluatingPrivacyProperties2018,
	title        = {Evaluating the {{Privacy Properties}} of {{Secure VoIP Metadata}}},
	author       = {Resende, João S. and Sousa, Patrícia R. and Antunes, Luís},
	booktitle    = {Trust, {{Privacy}} and {{Security}} in {{Digital Business}}},
	location     = {{Cham}},
	publisher    = {{Springer}},
	series       = {Lecture {{Notes}} in {{Computer Science}}},
	volume       = 11033,
	pages        = {57--68},
	editor       = {Furnell, Steven and Mouratidis, Haralambos and Pernul, Günther},
	date         = 2018,
	eventtitle   = {{{TrustBus}}: {{International Conference}} on {{Trust}} and {{Privacy}} in {{Digital Business}}}
}
@online{richerEndUserAuthentication,
	title        = {End {{User Authentication}} with {{OAuth}} 2.0 — {{OAuth}}},
	author       = {Richer, Justin},
	url          = {https://oauth.net/articles/authentication/},
	urldate      = {2022-12-12}
}
@online{rozaSpringSecurityOpenID2017,
	title        = {Spring {{Security}} and {{OpenID Connect}} | {{Baeldung}}},
	author       = {Roza, Ger},
	url          = {https://www.baeldung.com/spring-security-openid-connect},
	urldate      = {2023-06-13},
	date         = {2017-03-08T08:40:14+00:00},
}
@online{rozaSpringSecurityOpenID2017a,
	title        = {Spring {{Security}} and {{OpenID Connect}} | {{Baeldung}}},
	author       = {Roza, Ger},
	url          = {https://www.baeldung.com/spring-security-openid-connect},
	urldate      = {2023-06-18},
	date         = {2017-03-08T08:40:14+00:00},
}
@online{rozaWebClientOAuth2Support2019,
	title        = {{{WebClient}} and {{OAuth2 Support}} | {{Baeldung}}},
	author       = {Roza, Ger},
	url          = {https://www.baeldung.com/spring-webclient-oauth2},
	urldate      = {2023-06-05},
	date         = {2019-01-13T19:42:43+00:00},
}
@online{rozaWebClientOAuth2Support2019a,
	title        = {{{WebClient}} and {{OAuth2 Support}} \textbackslash textbar {{Baeldung}}},
	author       = {Roza, Ger},
	url          = {https://www.baeldung.com/spring-webclient-oauth2},
	urldate      = {2023-06-05},
	date         = {2019-01-13}
}
@online{rozaWebClientOAuth2Support2019b,
	title        = {{{WebClient}} and {{OAuth2 Support}} \textbackslash textbar {{Baeldung}}},
	author       = {Roza, Ger},
	url          = {https://www.baeldung.com/spring-webclient-oauth2},
	urldate      = {2023-06-05},
	date         = {2019-01-13}
}
@online{rozaWebClientOAuth2Support2019c,
	title        = {{{WebClient}} and {{OAuth2 Support}} | {{Baeldung}}},
	author       = {Roza, Ger},
	url          = {https://www.baeldung.com/spring-webclient-oauth2},
	urldate      = {2023-06-12},
	date         = {2019-01-13T19:42:43+00:00},
}
@online{rudrabhatlaSecurityDesignPatterns2020,
	title        = {Security {{Design Patterns}} in {{Distributed Microservice Architecture}}},
	author       = {Rudrabhatla, Chaitanya K.},
	doi          = {10.48550/arXiv.2008.03395},
	url          = {http://arxiv.org/abs/2008.03395},
	urldate      = {2022-11-20},
	date         = {2020-08-07},
	eprint       = {2008.03395},
	eprinttype   = {arxiv},
	eprintclass  = {cs},
	pubstate     = {preprint},
}
@article{saboorContainerizedMicroservicesOrchestration2022,
	title        = {Containerized {{Microservices Orchestration}} and {{Provisioning}} in {{Cloud Computing}}: {{A Conceptual Framework}} and {{Future Perspectives}}},
	shorttitle   = {Containerized {{Microservices Orchestration}} and {{Provisioning}} in {{Cloud Computing}}},
	author       = {Saboor, Abdul and Hassan, Mohd Fadzil and Akbar, Rehan and Shah, Syed Nasir Mehmood and Hassan, Farrukh and Magsi, Saeed Ahmed and Siddiqui, Muhammad Aadil},
	publisher    = {{Multidisciplinary Digital Publishing Institute}},
	volume       = 12,
	number       = 12,
	pages        = 5793,
	doi          = {10.3390/app12125793},
	issn         = {2076-3417},
	url          = {https://www.mdpi.com/2076-3417/12/12/5793},
	urldate      = {2022-09-21},
	date         = {2022-01},
	journaltitle = {Applied Sciences},
	issue        = 12,
}
@inproceedings{sailerEvaluationFrameworksMicroservices2021,
	title        = {An {{Evaluation}} of {{Frameworks}} for {{Microservices Development}}},
	author       = {Sailer, Isabell and Lichtenthäler, Robin and Wirtz, Guido},
	booktitle    = {Advances in {{Service-Oriented}} and {{Cloud Computing}}},
	location     = {{Cham}},
	publisher    = {{Springer International Publishing}},
	pages        = {90--102},
	isbn         = {978-3-030-71906-7},
	editor       = {Zirpins, Christian and Paraskakis, Iraklis and Andrikopoulos, Vasilios and Kratzke, Nane and Pahl, Claus and El Ioini, Nabil and Andreou, Andreas S. and Feuerlicht, George and Lamersdorf, Winfried and Ortiz, Guadalupe and Van den Heuvel, Willem-Jan and Soldani, Jacopo and Villari, Massimo and Casale, Giuliano and Plebani, Pierluigi},
	date         = 2021
}
@report{sakimuraOAuthAuthorizationFramework2021,
	title        = {The {{OAuth}} 2.0 {{Authorization Framework}}: {{JWT-Secured Authorization Request}} ({{JAR}})},
	shorttitle   = {The {{OAuth}} 2.0 {{Authorization Framework}}},
	author       = {Sakimura, Nat and Bradley, John and Jones, Michael},
	number       = {RFC 9101},
	doi          = {10.17487/RFC9101},
	url          = {https://datatracker.ietf.org/doc/rfc9101},
	urldate      = {2022-11-20},
	type         = {Request for Comments},
	date         = {2021-08},
	institution  = {{Internet Engineering Task Force}},
	pagetotal    = 25
}
@report{sakimuraOpenIDConnectCore2014,
	title        = {{{OpenID Connect Core}} 1.0},
	author       = {Sakimura, Nat and Bradley, John and Jones, Michael and family=Medeiros, given=Breno, prefix=de, useprefix=true and Mortimore, Chuck},
	url          = {https://openid.net/specs/openid-connect-core-1_0.html},
	urldate      = {2022-12-19},
	date         = {2014-08},
	institution  = {{OpenID Foundation (OIDF)}}
}
@report{sakimuraProofKeyCode2015,
	title        = {Proof {{Key}} for {{Code Exchange}} by {{OAuth Public Clients}}},
	author       = {Sakimura, N. and Bradley, J. and Agarwal, N.},
	number       = {RFC7636},
	pages        = {RFC7636},
	doi          = {10.17487/RFC7636},
	url          = {https://www.rfc-editor.org/info/rfc7636},
	urldate      = {2022-12-22},
	date         = {2015-09},
	institution  = {{RFC Editor}},
}
@article{salibindlaMicroservicesAPISecurity2018,
	title        = {Microservices {{API Security}}},
	author       = {Salibindla, Jyothi},
	publisher    = {{IJERT-International Journal of Engineering Research \& Technology}},
	volume       = 7,
	number       = 1,
	doi          = {10.17577/IJERTV7IS010137},
	issn         = {2278-0181},
	url          = {https://www.ijert.org/research/microservices-api-security-IJERTV7IS010137.pdf, https://www.ijert.org/microservices-api-security},
	urldate      = {2022-12-10},
	date         = {2018-01-25},
	journaltitle = {International Journal of Engineering Research \& Technology},
}
@online{SamNewmanBackends,
	title        = {Sam {{Newman}} - {{Backends For Frontends}}},
	url          = {https://samnewman.io/patterns/architectural/bff/},
	urldate      = {2023-04-20}
}
@online{sandeepaUsingKeycloakSpring2023,
	title        = {Using {{Keycloak}} with {{Spring Boot}} 3.0},
	author       = {Sandeepa, Yasas},
	url          = {https://medium.com/geekculture/using-keycloak-with-spring-boot-3-0-376fa9f60e0b},
	urldate      = {2023-06-17},
	date         = {2023-02-16T17:02:42},
	organization = {{Geek Culture}}
}
@book{sangerAuthenticationAuthorizationMicroserviceBased2022,
	title        = {Authentication and {{Authorization}} in {{Microservice-Based Applications}}},
	author       = {Sänger, Niklas and Abeck, Sebastian},
	publisher    = {{Gesellschaft für Informatik, Bonn}},
	doi          = {10.18420/inf2022_19},
	isbn         = {978-3-88579-720-3},
	issn         = {1617-5468},
	url          = {http://dl.gi.de/handle/20.500.12116/39516},
	urldate      = {2023-03-15},
	date         = 2022,
	annotation   = {Accepted: 2022-09-28T17:10:17Z}
}
@report{schoolerSIPSessionInitiation2002,
	title        = {{{SIP}}: {{Session Initiation Protocol}}},
	shorttitle   = {{{SIP}}},
	author       = {Schooler, E. and Rosenberg, J. and Schulzrinne, H. and Johnston, A. and Camarillo, G. and Peterson, J. and Sparks, R. and Handley, M. J.},
	number       = 3261,
	type         = {Request for Comments (RFC)},
	date         = 2002,
	institution  = {{Internet Engineering Task Force (IETF)}}
}
@article{schurmannWiretappingEndtoEndEncrypted2017,
	title        = {Wiretapping {{End-to-End Encrypted VoIP Calls}}: {{Real-World Attacks}} on {{ZRTP}}},
	author       = {Schürmann, Dominik and Kabus, Fabian and Hildermeier, Gregor and Wolf, Lars},
	volume       = 2017,
	number       = 3,
	pages        = {4--20},
	date         = {2017-07},
	journaltitle = {Proceedings on Privacy Enhancing Technologies}
}
@online{SecuringApplicationsServices,
	title        = {Securing {{Applications}} and {{Services Guide}}},
	url          = {https://www.keycloak.org/docs/latest/securing_apps/},
	urldate      = {2023-06-29}
}
@online{SecuringSpringApplications,
	title        = {Securing {{Spring Applications With OAuth2}}},
	url          = {https://github.com/ch4mpy/spring-addons/tree/master/samples/tutorials},
	urldate      = {2023-06-18}
}
@inproceedings{senPerformanceAnalysisSecure2020,
	title        = {Performance {{Analysis}} of {{Secure Real-time Transport Protocol Using Elliptic Curves}}},
	author       = {Sen, N. and Dantu, R. and Thompson, M.},
	booktitle    = {2020 {{IEEE International Conference}} on {{Intelligence}} and {{Security Informatics}} ({{ISI}})},
	pages        = {1--7},
	date         = 2020,
	eventtitle   = {2020 {{IEEE International Conference}} on {{Intelligence}} and {{Security Informatics}} ({{ISI}})},
}
@online{ServerAdministrationGuide,
	title        = {Server {{Administration Guide}}. {{Keycloak}} Features and Concepts},
	url          = {https://www.keycloak.org/docs/latest/server_admin/#core-concepts-and-terms},
	urldate      = {2023-06-24}
}
@online{ServerAdministrationGuidea,
	title        = {Server {{Administration Guide}}},
	url          = {https://www.keycloak.org/docs/latest/server_admin/},
	urldate      = {2023-06-24}
}
@online{ServerAdministrationGuideb,
	title        = {Server {{Administration Guide}}},
	url          = {https://www.keycloak.org/docs/latest/server_admin/},
	urldate      = {2023-06-25}
}
@online{ServletAuthenticationArchitecture,
	title        = {Servlet {{Authentication Architecture}} :: {{Spring Security}}},
	url          = {https://docs.spring.io/spring-security/reference/servlet/authentication/architecture.html#servlet-authentication-authentication},
	urldate      = {2023-06-17}
}
@article{shmelevaHowMicroservicesAre,
	title        = {How {{Microservices}} Are {{Changing}} the {{Security Landscape}}},
	author       = {Shmeleva, Ekaterina},
}
@inproceedings{singhIntegrationAttributeBasedAccess2022,
	title        = {Integration of {{Attribute-Based Access Control}} in {{Microservices Architecture}}},
	author       = {Singh, Amandeep and Raj, Vinay and Ravichandra, Sadam},
	booktitle    = {{{ICT Systems}} and {{Sustainability}}},
	location     = {{Singapore}},
	publisher    = {{Springer Nature}},
	series       = {Lecture {{Notes}} in {{Networks}} and {{Systems}}},
	pages        = {681--690},
	doi          = {10.1007/978-981-16-5987-4_69},
	isbn         = 9789811659874,
	editor       = {Tuba, Milan and Akashe, Shyam and Joshi, Amit},
	date         = 2022,
}
@inproceedings{singhIntegrationAttributeBasedAccess2022a,
	title        = {Integration of {{Attribute-Based Access Control}} in {{Microservices Architecture}}},
	author       = {Singh, Amandeep and Raj, Vinay and Ravichandra, Sadam},
	booktitle    = {{{ICT Systems}} and {{Sustainability}}},
	location     = {{Singapore}},
	publisher    = {{Springer Nature}},
	series       = {Lecture {{Notes}} in {{Networks}} and {{Systems}}},
	pages        = {681--690},
	doi          = {10.1007/978-981-16-5987-4_69},
	isbn         = 9789811659874,
	editor       = {Tuba, Milan and Akashe, Shyam and Joshi, Amit},
	date         = 2022,
}
@book{siriwardenaAdvancedAPISecurity2020,
	title        = {Advanced {{API Security}}: {{OAuth}} 2.0 and {{Beyond}}},
	shorttitle   = {Advanced {{API Security}}},
	author       = {Siriwardena, Prabath},
	location     = {{Berkeley, CA}},
	publisher    = {{Apress}},
	doi          = {10.1007/978-1-4842-2050-4},
	isbn         = {978-1-4842-2049-8 978-1-4842-2050-4},
	url          = {http://link.springer.com/10.1007/978-1-4842-2050-4},
	urldate      = {2022-12-02},
	date         = 2020,
}
@book{siriwardenaMicroservicesSecurityAction2020,
	title        = {Microservices Security in Action},
	author       = {Siriwardena, Prabath and Dias, Nuwan},
	location     = {{Shelter Island, NY}},
	publisher    = {{Manning Publications Co}},
	isbn         = {978-1-61729-595-9},
	date         = 2020,
	pagetotal    = 588,
	annotation   = {OCLC: on1190759452}
}
@online{Slant13Best2023,
	title        = {Slant - 13 {{Best}} Microservices Frameworks as of 2023},
	url          = {https://www.slant.co/topics/16161/~microservices-frameworks},
	urldate      = {2023-07-15},
	date         = {2023-07-14},
	organization = {{Slant}}
}
@online{SpringaddonsSamplesTutorials,
	title        = {Spring-Addons/Samples/Tutorials/Bff at Master · Ch4mpy/Spring-Addons},
	url          = {https://github.com/ch4mpy/spring-addons},
	urldate      = {2023-06-26},
	organization = {{GitHub}}
}
@online{SpringBoot,
	title        = {Spring {{Boot}}},
	url          = {https://spring.io/projects/spring-boot},
	urldate      = {2023-06-06},
	organization = {{Spring Boot}}
}
@online{SpringBootReference,
	title        = {Spring {{Boot Reference Documentation}}},
	url          = {https://docs.spring.io/spring-boot/docs/current/reference/htmlsingle/#web.security.oauth2.server},
	urldate      = {2023-06-18}
}
@online{SpringBootReferencea,
	title        = {Spring {{Boot Reference Documentation}}},
	url          = {https://docs.spring.io/spring-boot/docs/current/reference/htmlsingle/#actuator.endpoints.security},
	urldate      = {2023-06-18}
}
@online{SpringCloudGateway,
	title        = {Spring {{Cloud Gateway}}},
	url          = {https://cloud.spring.io/spring-cloud-gateway/reference/html/#gateway-starter},
	urldate      = {2023-06-05}
}
@online{SpringCloudGatewaya,
	title        = {Spring {{Cloud Gateway}}},
	url          = {https://docs.spring.io/spring-cloud-gateway/docs/current/reference/html/},
	urldate      = {2023-06-06}
}
@online{SpringCloudGatewayb,
	title        = {Spring {{Cloud Gateway}}},
	url          = {https://docs.spring.io/spring-cloud-gateway/docs/current/reference/html/},
	urldate      = {2023-06-06}
}
@online{SpringCloudGatewayc,
	title        = {Spring {{Cloud Gateway}}},
	url          = {https://docs.spring.io/spring-cloud-gateway/docs/current/reference/html/},
	urldate      = {2023-06-06}
}
@online{SpringInitializr,
	title        = {Spring {{Initializr}}},
	url          = {https://start.spring.io},
	urldate      = {2023-06-06},
	organization = {{Spring Initializr}}
}
@online{SpringInitializra,
	title        = {Spring {{Initializr}}},
	url          = {https://start.spring.io},
	urldate      = {2023-06-06}
}
@online{SpringInitializrb,
	title        = {Spring {{Initializr}}},
	url          = {https://start.spring.io},
	urldate      = {2023-06-06}
}
@online{SpringVsSpring,
	title        = {Spring vs {{Spring Boot}}: {{A Detailed Comparison}} ({{Updated}} 2023)},
	shorttitle   = {Spring vs {{Spring Boot}}},
	url          = {https://www.turing.com/kb/spring-vs-spring-boots-best-web-apps},
	urldate      = {2023-06-06},
}
@inproceedings{subashriRealTimeImplementation2014,
	title        = {Real Time Implementation of {{Elliptic Curve Cryptography}} over a Open Source {{VoIP}} Server},
	author       = {Subashri, T. and Arjun, A. and Ashok, S.},
	booktitle    = {Fifth {{International Conference}} on {{Computing}}, {{Communications}} and {{Networking Technologies}} ({{ICCCNT}})},
	pages        = {1--6},
	date         = {2014-07},
	eventtitle   = {Fifth {{International Conference}} on {{Computing}}, {{Communications}} and {{Networking Technologies}} ({{ICCCNT}})},
}
@inproceedings{sutharComprehensiveStudyVoIP2020,
	title        = {A {{Comprehensive Study}} of {{VoIP Security}}},
	author       = {Suthar, D. and Rughani, P. H.},
	booktitle    = {2020 2nd {{International Conference}} on {{Advances}} in {{Computing}}, {{Communication Control}} and {{Networking}} ({{ICACCCN}})},
	location     = {{Greater Noida, India}},
	pages        = {812--817},
	date         = {2020-12-18},
	eventtitle   = {2020 2nd {{International Conference}} on {{Advances}} in {{Computing}}, {{Communication Control}} and {{Networking}} ({{ICACCCN}})},
}
@online{swoyerMicroservicesAdoption20202020,
	title        = {Microservices {{Adoption}} in 2020},
	author       = {Swoyer, Steve, Mike Loukides},
	url          = {https://www.oreilly.com/radar/microservices-adoption-in-2020/},
	urldate      = {2023-07-14},
	date         = {2020-07-15T09:33:44-04:00},
	organization = {{O’Reilly Media}}
}
@inproceedings{talevskiSecureMobileVoIP2007,
	title        = {Secure and {{Mobile VoIP}}},
	author       = {Talevski, A. and Chang, E. and Dillon, T.},
	booktitle    = {2007 {{International Conference}} on {{Convergence Information Technology}} ({{ICCIT}} 2007)},
	pages        = {2108--2113},
	date         = {2007-11},
	eventtitle   = {2007 {{International Conference}} on {{Convergence Information Technology}} ({{ICCIT}} 2007)},
}
@article{tehImplementationPracticalProblems2020,
	title        = {Implementation and Practical Problems of Chaos-Based Cryptography Revisited},
	author       = {Teh, Je Sen and Alawida, Moatsum and Sii, You Cheng},
	volume       = 50,
	pages        = 102421,
	doi          = {10.1016/j.jisa.2019.102421},
	issn         = 22142126,
	url          = {https://linkinghub.elsevier.com/retrieve/pii/S2214212619306544},
	urldate      = {2021-12-14},
	date         = {2020-02},
	journaltitle = {Journal of Information Security and Applications},
	shortjournal = {Journal of Information Security and Applications},
}
@online{TerminologyReference,
	title        = {Terminology {{Reference}}},
	url          = {https://www.oauth.com/oauth2-servers/definitions/},
	urldate      = {2022-12-12},
	organization = {{OAuth 2.0 Simplified}}
}
@inproceedings{thanhEmbeddingSecurityPrivacy2016,
	title        = {Embedding Security and Privacy into the Development and Operation of Cloud Applications and Services},
	author       = {Thanh, Tran Quang and Covaci, Stefan and Magedanz, Thomas and Gouvas, Panagiotis and Zafeiropoulos, Anastasios},
	booktitle    = {2016 17th {{International Telecommunications Network Strategy}} and {{Planning Symposium}} ({{Networks}})},
	pages        = {31--36},
	doi          = {10.1109/NETWKS.2016.7751149},
	date         = {2016-09},
	eventtitle   = {2016 17th {{International Telecommunications Network Strategy}} and {{Planning Symposium}} ({{Networks}})},
}
@online{TokenRelayGatewayFilterFactory,
	title        = {The {{TokenRelay GatewayFilter Factory}}},
	url          = {https://docs.spring.io/spring-cloud-gateway/docs/current/reference/html/#the-tokenrelay-gatewayfilter-factory},
	urldate      = {2023-06-06}
}
@online{TokenRelayGatewayFilterFactorya,
	title        = {The {{TokenRelay GatewayFilter Factory}}},
	url          = {https://docs.spring.io/spring-cloud-gateway/docs/current/reference/html/#the-tokenrelay-gatewayfilter-factory},
	urldate      = {2023-06-06}
}
@online{TokenRelayGatewayFilterFactoryb,
	title        = {The {{TokenRelay GatewayFilter Factory}}},
	url          = {https://docs.spring.io/spring-cloud-gateway/docs/current/reference/html/#the-tokenrelay-gatewayfilter-factory},
	urldate      = {2023-06-06}
}
@inproceedings{torkuraIntegratingContinuousSecurity2017,
	title        = {Integrating {{Continuous Security Assessments}} in {{Microservices}} and {{Cloud Native Applications}}},
	author       = {Torkura, Kennedy A. and Sukmana, Muhammad I.H. and Meinel, Christoph},
	booktitle    = {Proceedings of The10th {{International Conference}} on {{Utility}} and {{Cloud Computing}}},
	location     = {{Austin Texas USA}},
	publisher    = {{ACM}},
	pages        = {171--180},
	doi          = {10.1145/3147213.3147229},
	isbn         = {978-1-4503-5149-2},
	url          = {https://dl.acm.org/doi/10.1145/3147213.3147229},
	urldate      = {2022-12-14},
	date         = {2017-12-05},
	eventtitle   = {{{UCC}} '17: 10th {{International Conference}} on {{Utility}} and {{Cloud Computing}}},
}
@article{torvekarMicroservicesItsApplications2019,
	title        = {Microservices and {{Its Applications An Overview}}},
	author       = {Torvekar, Nupura and Game, Pravin S.},
	volume       = 7,
	number       = 4,
	pages        = {803--809},
	doi          = {10.26438/ijcse/v7i4.803809},
	issn         = 23472693,
	url          = {http://www.ijcseonline.org/full_paper_view.php?paper_id=4121},
	urldate      = {2023-07-14},
	date         = {2019-04-30},
	journaltitle = {International Journal of Computer Sciences and Engineering},
	shortjournal = {ijcse},
}
@inproceedings{triartonoImplementationRoleBasedAccess2019,
	title        = {Implementation of {{Role-Based Access Control}} on {{OAuth}} 2.0 as {{Authentication}} and {{Authorization System}}},
	author       = {Triartono, Zehan and Negara, Ridha Muldina and {Sussi}},
	booktitle    = {2019 6th {{International Conference}} on {{Electrical Engineering}}, {{Computer Science}} and {{Informatics}} ({{EECSI}})},
	pages        = {259--263},
	doi          = {10.23919/EECSI48112.2019.8977061},
	date         = {2019-09},
	eventtitle   = {2019 6th {{International Conference}} on {{Electrical Engineering}}, {{Computer Science}} and {{Informatics}} ({{EECSI}})},
}
@article{valdiviaPatternsRelatedMicroservice2020,
	title        = {Patterns {{Related}} to {{Microservice Architecture}}: A {{Multivocal Literature Review}}},
	shorttitle   = {Patterns {{Related}} to {{Microservice Architecture}}},
	author       = {Valdivia, J. A. and Lora-González, A. and Limón, X. and Cortes-Verdin, K. and Ocharán-Hernández, J.O.},
	volume       = 46,
	number       = 8,
	pages        = {594--608},
	doi          = {10.1134/S0361768820080253},
	issn         = {1608-3261},
	url          = {https://doi.org/10.1134/S0361768820080253},
	urldate      = {2023-03-15},
	date         = {2020-12-01},
	journaltitle = {Programming and Computer Software},
	shortjournal = {Program Comput Soft},
}
@online{viggiatoMicroservicesPracticeSurvey2018,
	title        = {Microservices in {{Practice}}: {{A Survey Study}}},
	shorttitle   = {Microservices in {{Practice}}},
	author       = {Viggiato, Markos and Terra, Ricardo and Rocha, Henrique and Valente, Marco Tulio and Figueiredo, Eduardo},
	url          = {http://arxiv.org/abs/1808.04836},
	urldate      = {2022-12-28},
	date         = {2018-08-14},
	eprint       = {1808.04836},
	eprinttype   = {arxiv},
	eprintclass  = {cs},
	pubstate     = {preprint},
}
@online{wagdeOAuthResourceServer2020,
	title        = {{{OAuth}} 2.0 {{Resource Server With Spring Security}} 5 | {{Baeldung}}},
	author       = {Wagde, Sampada},
	url          = {https://www.baeldung.com/spring-security-oauth-resource-server},
	urldate      = {2023-06-16},
	date         = {2020-08-12T05:27:25+00:00},
}
@online{wagdeUsingJWTSpring2018,
	title        = {Using {{JWT}} with {{Spring Security OAuth}} | {{Baeldung}}},
	author       = {Wagde, Sampada},
	url          = {https://www.baeldung.com/spring-security-oauth-jwt},
	urldate      = {2023-06-25},
	date         = {2018-01-20T22:25:00+00:00},
}
@book{wallsSpringBootAction2016,
	title        = {Spring {{Boot}} in Action},
	author       = {Walls, Craig},
	location     = {{Shelter Island, NY}},
	publisher    = {{Manning Publications}},
	isbn         = {978-1-61729-254-5},
	date         = 2016,
	pagetotal    = 248,
	annotation   = {OCLC: ocn908375612}
}
@article{wangPromisesChallengesMicroservices2021,
	title        = {Promises and Challenges of Microservices: An Exploratory Study},
	shorttitle   = {Promises and Challenges of Microservices},
	author       = {Wang, Yingying and Kadiyala, Harshavardhan and Rubin, Julia},
	volume       = 26,
	number       = 4,
	pages        = 63,
	doi          = {10.1007/s10664-020-09910-y},
	issn         = {1573-7616},
	url          = {https://doi.org/10.1007/s10664-020-09910-y},
	urldate      = {2022-12-31},
	date         = {2021-05-05},
	journaltitle = {Empirical Software Engineering},
	shortjournal = {Empir Software Eng},
}
@article{waseemDesignMonitoringTesting2021,
	title        = {Design, Monitoring, and Testing of Microservices Systems: {{The}} Practitioners’ Perspective},
	shorttitle   = {Design, Monitoring, and Testing of Microservices Systems},
	author       = {Waseem, Muhammad and Liang, Peng and Shahin, Mojtaba and Di Salle, Amleto and Márquez, Gastón},
	volume       = 182,
	pages        = 111061,
	doi          = {10.1016/j.jss.2021.111061},
	issn         = {0164-1212},
	url          = {https://www.sciencedirect.com/science/article/pii/S0164121221001588},
	urldate      = {2023-03-15},
	date         = {2021-12-01},
	journaltitle = {Journal of Systems and Software},
	shortjournal = {Journal of Systems and Software},
}
@online{WhatIdentityAccess,
	title        = {What Is Identity and Access Management ({{IAM}})?},
	url          = {https://www.redhat.com/en/topics/security/what-identity-and-access-management-iam},
	urldate      = {2023-06-25},
}
@article{xuMicroserviceSecurityAgent2019,
	title        = {Microservice {{Security Agent Based On API Gateway}} in {{Edge Computing}}},
	author       = {Xu, Rongxu and Jin, Wenquan and Kim, Dohyeun},
	publisher    = {{Multidisciplinary Digital Publishing Institute}},
	volume       = 19,
	number       = 22,
	pages        = 4905,
	doi          = {10.3390/s19224905},
	issn         = {1424-8220},
	url          = {https://www.mdpi.com/1424-8220/19/22/4905},
	urldate      = {2022-12-05},
	date         = {2019-01},
	journaltitle = {Sensors},
	issue        = 22,
}
@inproceedings{yangResearchUnifiedAuthentication2020,
	title        = {Research on {{Unified Authentication}} and {{Authorization}} in {{Microservice Architecture}}},
	author       = {Yang, ShuLin and Hu, JiePing},
	booktitle    = {2020 {{IEEE}} 20th {{International Conference}} on {{Communication Technology}} ({{ICCT}})},
	pages        = {1169--1173},
	doi          = {10.1109/ICCT50939.2020.9295931},
	issn         = {2576-7828},
	date         = {2020-10},
	eventtitle   = {2020 {{IEEE}} 20th {{International Conference}} on {{Communication Technology}} ({{ICCT}})},
}
@inproceedings{yangResearchUnifiedAuthentication2020a,
	title        = {Research on {{Unified Authentication}} and {{Authorization}} in {{Microservice Architecture}}},
	author       = {Yang, ShuLin and Hu, JiePing},
	booktitle    = {2020 {{IEEE}} 20th {{International Conference}} on {{Communication Technology}} ({{ICCT}})},
	pages        = {1169--1173},
	doi          = {10.1109/ICCT50939.2020.9295931},
	issn         = {2576-7828},
	date         = {2020-10},
	eventtitle   = {2020 {{IEEE}} 20th {{International Conference}} on {{Communication Technology}} ({{ICCT}})},
}
@inproceedings{yaryginaOvercomingSecurityChallenges2018,
	title        = {Overcoming {{Security Challenges}} in {{Microservice Architectures}}},
	author       = {Yarygina, Tetiana and Bagge, Anya Helene},
	booktitle    = {2018 {{IEEE Symposium}} on {{Service-Oriented System Engineering}} ({{SOSE}})},
	pages        = {11--20},
	doi          = {10.1109/SOSE.2018.00011},
	date         = {2018-03},
	eventtitle   = {2018 {{IEEE Symposium}} on {{Service-Oriented System Engineering}} ({{SOSE}})},
}
@article{yuSurveySecurityIssues2019,
	title        = {A Survey on Security Issues in Services Communication of {{Microservices-enabled}} Fog Applications},
	author       = {Yu, Dongjin and Jin, Yike and Zhang, Yuqun and Zheng, Xi},
	volume       = 31,
	number       = 22,
	pages        = {e4436},
	doi          = {10.1002/cpe.4436},
	issn         = {1532-0634},
	url          = {https://onlinelibrary.wiley.com/doi/abs/10.1002/cpe.4436},
	urldate      = {2022-12-08},
	date         = 2019,
	journaltitle = {Concurrency and Computation: Practice and Experience},
}
@article{zdunMicroserviceSecurityMetrics2023,
	title        = {Microservice {{Security Metrics}} for {{Secure Communication}}, {{Identity Management}}, and {{Observability}}},
	author       = {Zdun, Uwe and Queval, Pierre-Jean and Simhandl, Georg and Scandariato, Riccardo and Chakravarty, Somik and Jelic, Marjan and Jovanovic, Aleksandar},
	volume       = 32,
	number       = 1,
	pages        = {16:1--16:34},
	doi          = {10.1145/3532183},
	issn         = {1049-331X},
	url          = {https://doi.org/10.1145/3532183},
	urldate      = {2023-03-15},
	date         = {2023-02-13},
	journaltitle = {ACM Transactions on Software Engineering and Methodology},
	shortjournal = {ACM Trans. Softw. Eng. Methodol.},
}
@report{zimmermannZRTPMediaPath2011,
	title        = {{{ZRTP}}: {{Media Path Key Agreement}} for {{Unicast Secure RTP}}},
	author       = {Zimmermann, P. and Johnston, A. and Callas, J.},
	number       = 6189,
	type         = {RFC},
	date         = 2011,
	institution  = {{IETF}}
}
@article{zotero-12,
	type         = {article}
}
