
@article{saboorContainerizedMicroservicesOrchestration2022,
	title = {Containerized Microservices Orchestration and Provisioning in Cloud Computing: A Conceptual Framework and Future Perspectives},
	volume = {12},
	rights = {http://creativecommons.org/licenses/by/3.0/},
	
	url = {https://www.mdpi.com/2076-3417/12/12/5793},
	
	shorttitle = {Containerized Microservices Orchestration and Provisioning in Cloud Computing},
	
	pages = {5793},
	number = {12},
	journaltitle = {Applied Sciences},
	author = {Saboor, Abdul and Hassan, Mohd Fadzil and Akbar, Rehan and Shah, Syed Nasir Mehmood and Hassan, Farrukh and Magsi, Saeed Ahmed and Siddiqui, Muhammad Aadil},
	urldate = {2022-09-21},
	date = {2022-01},
	
	note = {Number: 12
Publisher: Multidisciplinary Digital Publishing Institute},
	
	
}

@online{SamNewmanBackends,
	title = {Sam Newman - Backends For Frontends},
	url = {https://samnewman.io/patterns/architectural/bff/},
	urldate = {2023-04-20},
	
}

@report{bertocciTokenMediatingSession2021,
	title = {Token Mediating and session Information Backend For Frontend},
	url = {https://datatracker.ietf.org/doc/draft-bertocci-oauth2-tmi-bff-01},
	
	number = {draft-bertocci-oauth2-tmi-bff-01},
	institution = {Internet Engineering Task Force},
	type = {Internet Draft},
	author = {Bertocci, Vittorio and Campbell, Brian},
	urldate = {2023-04-20},
	date = {2021-04-25},
	note = {Num Pages: 18},
	
}

@misc{rattanukulMicrousityTestingTool2023,
	title = {Microusity: A testing tool for Backends for Frontends ({BFF}) Microservice Systems},
	url = {http://arxiv.org/abs/2302.11150},
	
	shorttitle = {Microusity},
	
	number = {{arXiv}:2302.11150},
	publisher = {{arXiv}},
	author = {Rattanukul, Pattarakrit and Makaranond, Chansida and Watanakulcharus, Pumipat and Ragkhitwetsagul, Chaiyong and Nearunchorn, Tanapol and Visoottiviseth, Vasaka and Choetkiertikul, Morakot and Sunetnanta, Thanwadee},
	urldate = {2023-03-15},
	date = {2023-02-22},
	eprinttype = {arxiv},
	eprint = {2302.11150 [cs]},
	
	
}

@article{alkhodaryEvaluationUsingBackendForFrontend,
	title = {The Evaluation of Using Backend-For-Frontend in a Microservices Environment},
	author = {Alkhodary, Samer},
	
	
}

@online{AuthenticationPatternsBest,
	title = {Authentication Patterns and Best Practices For {SPAs}},
	url = {https://dev.indooroutdoor.io/authentication-patterns-and-best-practices-for-spas},
	
	titleaddon = {{IO}.{IO}},
	urldate = {2023-03-15},
	
}

@online{BackendFrontendAuthentication2021,
	title = {Backend For Frontend Authentication Pattern with Auth0 and {ASP}.{NET} Core},
	url = {https://community.auth0.com/t/backend-for-frontend-authentication-pattern-with-auth0-and-asp-net-core/69627},
	
	titleaddon = {Auth0 Community},
	urldate = {2023-03-15},
	date = {2021-09-14},
	
	note = {Section: Blog Discussions},
	
}

@online{BackendFrontendAuthentication,
	title = {Backend For Frontend Authentication Pattern with Auth0 and {ASP}.{NET} Core},
	url = {https://auth0.com/blog/backend-for-frontend-pattern-with-auth0-and-dotnet/},
	
	titleaddon = {Auth0 - Blog},
	urldate = {2023-03-15},
	
	
}

@video{jacksonMicroserviceAuthenticationAuthorization2019,
	title = {Microservice Authentication and Authorization},
	url = {https://www.youtube.com/watch?v=ZjPF8yZ83Wo},
	author = {Jackson, Nic},
	urldate = {2022-12-18},
	date = {2019-02-15},
}

@video{cockroftadrianMigratingMicroservicesAdrian2014,
	title = {Migrating to Microservices by Adrian Cockroft (Part 1)},
	url = {https://www.youtube.com/watch?v=1wiMLkXz26M},
	author = {{Cockroft, Adrian}},
	urldate = {2022-12-23},
	date = {2014-08-08},
}

@misc{dragoniMicroservicesYesterdayToday2017,
	title = {Microservices: yesterday, today, and tomorrow},
	url = {http://arxiv.org/abs/1606.04036},
	shorttitle = {Microservices},
	
	number = {{arXiv}:1606.04036},
	publisher = {{arXiv}},
	author = {Dragoni, Nicola and Giallorenzo, Saverio and Lafuente, Alberto Lluch and Mazzara, Manuel and Montesi, Fabrizio and Mustafin, Ruslan and Safina, Larisa},
	urldate = {2022-12-23},
	date = {2017-04-20},
	
	eprinttype = {arxiv},
	eprint = {1606.04036 [cs]},
	
	
}

@online{lewisMicroservices2014,
	title = {Microservices},
	url = {https://martinfowler.com/articles/microservices.html},
	
	titleaddon = {martinfowler.com},
	author = {Lewis, James and Fowler, Martin},
	urldate = {2022-12-23},
	date = {2014-03-25},
	
}

@report{sakimuraProofKeyCode2015,
	title = {Proof Key for Code Exchange by {OAuth} Public Clients},
	url = {https://www.rfc-editor.org/info/rfc7636},
	
	pages = {RFC7636},
	number = {{RFC}7636},
	institution = {{RFC} Editor},
	author = {Sakimura, N. and Bradley, J. and Agarwal, N.},
	urldate = {2022-12-22},
	date = {2015-09},
	
	
	
}

@report{lodderstedtOAuthThreatModel2013,
	title = {{OAuth} 2.0 Threat Model and Security Considerations},
	url = {https://datatracker.ietf.org/doc/rfc6819},
	
	number = {{RFC} 6819},
	institution = {Internet Engineering Task Force},
	type = {Request for Comments},
	author = {Lodderstedt, Torsten and {McGloin}, Mark and Hunt, Phil},
	urldate = {2022-12-20},
	date = {2013-01},
	
	note = {Num Pages: 71},
	
}

@report{sakimuraOpenIDConnectCore2014,
	title = {{OpenID} Connect Core 1.0},
	url = {https://openid.net/specs/openid-connect-core-1_0.html},
	abstract = {{OpenID} Connect 1.0 is a simple identity layer on top of the {OAuth} 2.0 protocol. It enables Clients to verify the identity of the End-User based on the authentication performed by an Authorization Server, as well as to obtain basic profile information about the End-User in an interoperable and {REST}-like manner.

This specification defines the core {OpenID} Connect functionality: authentication built on top of {OAuth} 2.0 and the use of Claims to communicate information about the End-User. It also describes the security and privacy considerations for using {OpenID} Connect.},
	institution = {{OpenID} Foundation ({OIDF})},
	author = {Sakimura, Nat and Bradley, John and Jones, Michael and de Medeiros, Breno and Mortimore, Chuck},
	urldate = {2022-12-19},
	date = {2014-08},
	
}

@report{bertocciJSONWebToken2021,
	title = {{JSON} Web Token ({JWT}) Profile for {OAuth} 2.0 Access Tokens},
	url = {https://datatracker.ietf.org/doc/rfc9068},
	
	number = {{RFC} 9068},
	institution = {Internet Engineering Task Force},
	type = {Request for Comments},
	author = {Bertocci, Vittorio},
	urldate = {2022-12-19},
	date = {2021-10},
	
	note = {Num Pages: 15},
	
}

@report{jonesJSONWebToken2015,
	title = {{JSON} Web Token ({JWT})},
	url = {https://datatracker.ietf.org/doc/rfc7519},
	
	number = {{RFC} 7519},
	institution = {Internet Engineering Task Force},
	type = {Request for Comments},
	author = {Jones, Michael and Bradley, John and Sakimura, Nat},
	urldate = {2022-12-19},
	date = {2015-05},
	
	note = {Num Pages: 30},
	
}

@report{jonesOAuthAuthorizationFramework2012,
	title = {The {OAuth} 2.0 Authorization Framework: Bearer Token Usage},
	url = {https://datatracker.ietf.org/doc/rfc6750},
	shorttitle = {The {OAuth} 2.0 Authorization Framework},
	
	number = {{RFC} 6750},
	institution = {Internet Engineering Task Force},
	type = {Request for Comments},
	author = {Jones, Michael and Hardt, Dick},
	urldate = {2022-12-18},
	date = {2012-10},
	
	note = {Num Pages: 18},
	
}

@article{nehmeSecuringMicroservices2019,
	title = {Securing Microservices},
	volume = {21},
	
	
	
	pages = {42--49},
	number = {1},
	journaltitle = {{IT} Professional},
	author = {Nehme, Antonio and Jesus, Vitor and Mahbub, Khaled and Abdallah, Ali},
	date = {2019-01},
	note = {Conference Name: {IT} Professional},
	
	
}

@report{hardtOAuthAuthorizationFramework2012,
	title = {The {OAuth} 2.0 Authorization Framework},
	url = {https://datatracker.ietf.org/doc/rfc6749},
	
	number = {{RFC} 6749},
	institution = {Internet Engineering Task Force},
	type = {Request for Comments},
	author = {Hardt, Dick},
	urldate = {2022-12-12},
	date = {2012-10},
	
	note = {Num Pages: 76},
	
}

@thesis{florenImplementationAnalysisAuthentication2021,
	title = {Implementation and Analysis of Authentication and Authorization Methods in a Microservice Architecture: A Comparison Between Microservice Security Design Patterns for Authentication and Authorization Flows},
	
	type = {phdthesis},
	author = {Flor√©n, Simon Tran},
	date = {2021},
	
	
	
}

@article{nguyenApplyingSpringSecurity2019,
	title = {Applying Spring Security Framework and {OAuth}2 To Protect Microservice Architecture {API}},
	
	url = {http://www.jsoftware.us/index.php?m=content&c=index&a=show&catid=208&id=2948},
	
	
	pages = {257--264},
	journaltitle = {Journal of Software},
	shortjournal = {{JSW}},
	author = {Nguyen, Quy and Baker, Oras},
	urldate = {2022-12-05},
	date = {2019-06},
	
	
}

@book{siriwardenaMicroservicesSecurityAction2020,
	location = {Shelter Island, {NY}},
	title = {Microservices security in action},
	
	
	pagetotal = {588},
	publisher = {Manning Publications Co},
	author = {Siriwardena, Prabath and Dias, Nuwan},
	date = {2020},
	
	note = {{OCLC}: on1190759452},
	
	
}

@article{chatterjeeApplyingSpringSecurity2022,
	title = {Applying Spring Security Framework with {KeyCloak}-Based {OAuth}2 to Protect Microservice Architecture {APIs}: A Case Study},
	volume = {22},
	rights = {http://creativecommons.org/licenses/by/3.0/},
	
	url = {https://www.mdpi.com/1424-8220/22/5/1703},
	
	shorttitle = {Applying Spring Security Framework with {KeyCloak}-Based {OAuth}2 to Protect Microservice Architecture {APIs}},
	
	pages = {1703},
	number = {5},
	journaltitle = {Sensors},
	author = {Chatterjee, Ayan and Prinz, Andreas},
	urldate = {2022-12-04},
	date = {2022-01},
	
	note = {Number: 5
Publisher: Multidisciplinary Digital Publishing Institute},
	
	
}

@book{siriwardenaAdvancedAPISecurity2020,
	location = {Berkeley, {CA}},
	title = {Advanced {API} Security: {OAuth} 2.0 and Beyond},
	
	url = {http://link.springer.com/10.1007/978-1-4842-2050-4},
	shorttitle = {Advanced {API} Security},
	publisher = {Apress},
	author = {Siriwardena, Prabath},
	urldate = {2022-12-02},
	date = {2020},
	
	
	
	
}

@article{bazeniucInformationSecurityMicroservices2021,
	title = {Information Security in Microservices Architectures},
	rights = {Attribution-{NonCommercial}-{NoDerivs} 3.0 United States},
	url = {http://repository.utm.md/handle/5014/20102},
	
	
	author = {Bazeniuc, Ivan and Zgureanu, Aureliu},
	urldate = {2022-11-20},
	date = {2021},
	
	note = {Accepted: 2022-04-13T08:20:02Z
{ISBN}: 9789975426480
Publisher: Technical University of Moldova},
	
}

@online{rozaWebClientOAuth2Support2019,
	title = {{WebClient} and {OAuth}2 Support {\textbar} Baeldung},
	url = {https://www.baeldung.com/spring-webclient-oauth2},
	
	author = {Roza, Ger},
	urldate = {2023-06-05},
	date = {2019-01-13},
	
	
}

@online{SpringCloudGatewaya,
	title = {Spring Cloud Gateway},
	url = {https://docs.spring.io/spring-cloud-gateway/docs/current/reference/html/},
	urldate = {2023-06-06},
	
}

@online{TokenRelayGatewayFilterFactory,
	title = {The {TokenRelay} {GatewayFilter} Factory},
	url = {https://docs.spring.io/spring-cloud-gateway/docs/current/reference/html/the-tokenrelay-gatewayfilter-factory},
	urldate = {2023-06-06},
	
}

@online{SpringBoot,
	title = {Spring Boot},
	url = {https://spring.io/projects/spring-boot},
	
	titleaddon = {Spring Boot},
	urldate = {2023-06-06},
	
	
}

@online{paraschiveugenComparisonSpringSpring2018,
	title = {A Comparison Between Spring and Spring Boot {\textbar} Baeldung},
	url = {https://www.baeldung.com/spring-vs-spring-boot},
	
	author = {{Paraschiv, Eugen}},
	urldate = {2023-06-06},
	date = {2018-09-29},
	
}

@book{wallsSpringBootAction2016,
	location = {Shelter Island, {NY}},
	title = {Spring Boot in action},
	
	pagetotal = {248},
	publisher = {Manning Publications},
	author = {Walls, Craig},
	date = {2016},
	
	note = {{OCLC}: ocn908375612},
	
	
}

@online{SpringVsSpring,
	title = {Spring vs Spring Boot: A Detailed Comparison (Updated 2023)},
	url = {https://www.turing.com/kb/spring-vs-spring-boots-best-web-apps},
	shorttitle = {Spring vs Spring Boot},
	
	urldate = {2023-06-06},
	
	
}

@online{IntroductionSpringFramework,
	title = {Introduction to Spring Framework},
	url = {https://docs.spring.io/spring-framework/docs/3.2.x/spring-framework-reference/html/overview.html},
	urldate = {2023-06-06},
	
}

@online{CoreFeatures,
	title = {Core Features},
	urldate = {2023-06-06},
	
}
	url = {https://docs.spring.io/spring-boot/docs/current/reference/html/features.html#features.external-config},


@online{GettingStartedSpring,
	title = {Getting Started {\textbar} Spring Boot and {OAuth}2},
	url = {https://spring.io/guides/tutorials/spring-boot-oauth2/},
	
	titleaddon = {Getting Started {\textbar} Spring Boot and {OAuth}2},
	urldate = {2023-06-06},
	
	
}

@online{GettingStartedBuilding,
	title = {Getting Started {\textbar} Building a Gateway},
	url = {https://spring.io/guides/gs/gateway/},
	
	titleaddon = {Getting Started {\textbar} Building a Gateway},
	urldate = {2023-06-11},
	
	
}

@online{OpenIDConnectDiscovery,
	title = {{OpenID} Connect Discovery 1.0},
	url = {https://openid.net/specs/openid-connect-discovery-1_0.html},
	urldate = {2023-06-11},
	
}

@online{HowFixKeycloak2022,
	title = {How To Fix Keycloak Oauth2 {OIDC} Logout With Spring Cloud Gateway},
	url = {https://refactorfirst.com/fix-keycloak-oauth2-oidc-logout-with-spring-cloud-gateway},
	
	titleaddon = {{RefactorFirst}},
	urldate = {2023-06-12},
	date = {2022-08-11},
	
	
}

@online{rozaSpringSecurityOpenID2017,
	title = {Spring Security and {OpenID} Connect {\textbar} Baeldung},
	url = {https://www.baeldung.com/spring-security-openid-connect},
	
	author = {Roza, Ger},
	urldate = {2023-06-13},
	date = {2017-03-08},
	
	
}

@online{HandlingLogoutsSpring,
	title = {Handling Logouts :: Spring Security},
	url = {https://docs.spring.io/spring-security/reference/servlet/authentication/logout.html},
	urldate = {2023-06-13},
	
}

@online{wagdeOAuthResourceServer2020,
	title = {{OAuth} 2.0 Resource Server With Spring Security 5 {\textbar} Baeldung},
	url = {https://www.baeldung.com/spring-security-oauth-resource-server},
	
	author = {Wagde, Sampada},
	urldate = {2023-06-16},
	date = {2020-08-12},
	
	
}

@online{OAuthResourceServer,
	title = {{OAuth} 2.0 Resource Server {JWT} :: Spring Security},
	url = {https://docs.spring.io/spring-security/reference/servlet/oauth2/resource-server/jwt.html},
	urldate = {2023-06-16},
	
}

@online{OAuthResourceServerb,
	title = {{OAuth} 2.0 Resource Server :: Spring Security},
	url = {https://docs.spring.io/spring-security/reference/servlet/oauth2/resource-server/index.html},
	urldate = {2023-06-16},
	
}

@software{BearerTokenAuthenticationEntryPointSpringsecuritydocsAPI,
	title = {{BearerTokenAuthenticationEntryPoint} (spring-security-docs 6.1.0 {API})},
	url = {https://docs.spring.io/spring-security/site/docs/current/api/org/springframework/security/oauth2/server/resource/web/BearerTokenAuthenticationEntryPoint.html},
	urldate = {2023-06-16},
	
}

@software{BearerTokenAuthenticationEntryPointJava2023,
	title = {{BearerTokenAuthenticationEntryPoint}.java},
	rights = {Apache-2.0},
	url = {https://github.com/spring-projects/spring-security/blob/61e2bae7f2a3127c6b0ca662a2611ac8fff091f2/oauth2/oauth2-resource-server/src/main/java/org/springframework/security/oauth2/server/resource/web/BearerTokenAuthenticationEntryPoint.java},
	
	publisher = {Spring},
	urldate = {2023-06-16},
	date = {2023-06-16},
	note = {original-date: 2012-01-10T21:50:57Z},
}

@online{sandeepaUsingKeycloakSpring2023,
	title = {Using Keycloak with Spring Boot 3.0},
	url = {https://medium.com/geekculture/using-keycloak-with-spring-boot-3-0-376fa9f60e0b},
	
	titleaddon = {Geek Culture},
	author = {Sandeepa, Yasas},
	urldate = {2023-06-17},
	date = {2023-02-16},
	
	
}

@online{baeldungGrantedAuthorityRole2017,
	title = {Granted Authority Versus Role in Spring Security {\textbar} Baeldung},
	url = {https://www.baeldung.com/spring-security-granted-authority-vs-role},
	
	author = {{baeldung}},
	urldate = {2023-06-17},
	date = {2017-09-24},
	
	
}

@video{laurspilcaSpringSecurityFundamentals2023,
	title = {Spring Security Fundamentals - Lesson 14 - The {OAuth}2 Resource Server - Part 1},
	url = {https://www.youtube.com/watch?v=j7SOIM_HL5g},
	
	author = {{Laur Spilca}},
	urldate = {2023-06-17},
	date = {2023-01-20},
}

@online{ServletAuthenticationArchitecture,
	title = {Servlet Authentication Architecture :: Spring Security},
	urldate = {2023-06-17},
	
}
	url = {https://docs.spring.io/spring-security/reference/servlet/authentication/architecture.html#servlet-authentication-authentication},



@online{OAuth2ResourceServerConfigurerSpringsecuritydocsAPI,
	title = {{OAuth}2ResourceServerConfigurer (spring-security-docs 6.1.0 {API})},
	url = {https://docs.spring.io/spring-security/site/docs/current/api/org/springframework/security/config/annotation/web/configurers/oauth2/server/resource/OAuth2ResourceServerConfigurer.html},
	urldate = {2023-06-18},
	
}

@online{SpringBootReferencea,
	title = {Spring Boot Reference Documentation},
	urldate = {2023-06-18},
	
}
	url = {https://docs.spring.io/spring-boot/docs/current/reference/htmlsingle/#actuator.endpoints.security},

@online{SecuringSpringApplications,
	title = {Securing Spring Applications With {OAuth}2},
	url = {https://github.com/ch4mpy/spring-addons/tree/master/samples/tutorials},
	urldate = {2023-06-18},
	
}

@report{lodderstedtOAuthSecurityBest2023,
	title = {{OAuth} 2.0 Security Best Current Practice},
	url = {https://datatracker.ietf.org/doc/draft-ietf-oauth-security-topics},
	
	number = {draft-ietf-oauth-security-topics-23},
	institution = {Internet Engineering Task Force},
	type = {Internet Draft},
	author = {Lodderstedt, Torsten and Bradley, John and Labunets, Aney and Fett, Daniel},
	urldate = {2023-06-18},
	date = {2023-06-05},
	note = {Num Pages: 62},
	
}

@online{DeprecationKeycloakAdapters,
	title = {Deprecation of Keycloak adapters - Keycloak},
	url = {https://www.keycloak.org/2022/02/adapter-deprecation},
	urldate = {2023-06-18},
	
}

@online{AdvancedConfigurationSpring,
	title = {Advanced Configuration :: Spring Security},
	url = {https://docs.spring.io/spring-security/reference/servlet/oauth2/login/advanced.html},
	urldate = {2023-06-19},
	
}

@report{jonesOpenIDConnectRPInitiated2022,
	title = {{OpenID} Connect {RP}-Initiated Logout 1.0},
	url = {https://openid.net/specs/openid-connect-rpinitiated-1_0.html},
	author = {Jones, Michael and de Medeiros, Breno and Agarwal, N. and Sakimura, N. and Bradley, John},
	urldate = {2023-06-19},
	date = {2022-09-12},
}

@online{ch4mpAnswerUseKeycloak2022,
	title = {Answer to "Use Keycloak Spring Adapter with Spring Boot 3"},
	url = {https://stackoverflow.com/a/74572732},
	titleaddon = {Stack Overflow},
	author = {ch4mp},
	urldate = {2023-06-23},
	date = {2022-11-25},
	
}

@online{ServerAdministrationGuidea,
	title = {Server Administration Guide},
	url = {https://www.keycloak.org/docs/latest/server_admin/},
	urldate = {2023-06-24},
	
}

@online{JwtAuthenticationTokenSpringsecuritydocsAPI,
	title = {{JwtAuthenticationToken} (spring-security-docs 6.1.1 {API})},
	url = {https://docs.spring.io/spring-security/site/docs/current/api/org/springframework/security/oauth2/server/resource/authentication/JwtAuthenticationToken.html},
	urldate = {2023-06-25},
	
}

@online{BearerTokenAuthenticationTokenSpringsecuritydocsAPI,
	title = {{BearerTokenAuthenticationToken} (spring-security-docs 6.1.1 {API})},
	url = {https://docs.spring.io/spring-security/site/docs/current/api/org/springframework/security/oauth2/server/resource/authentication/BearerTokenAuthenticationToken.html},
	urldate = {2023-06-25},
	
}

@online{AuthenticationSpringsecuritydocsAPI,
	title = {Authentication (spring-security-docs 6.1.1 {API})},
	url = {https://docs.spring.io/spring-security/site/docs/current/api/org/springframework/security/core/Authentication.html},
	urldate = {2023-06-25},
	
}

@online{PrincipalJavaDevelopment,
	title = {Principal (Java Development Kit Version 17 {API} Specification)},
	url = {https://docs.oracle.com/en/java/javase/17/docs/api/java.base/java/security/Principal.html},
	
	urldate = {2023-06-25},
	
	
}

@online{wagdeUsingJWTSpring2018,
	title = {Using {JWT} with Spring Security {OAuth} {\textbar} Baeldung},
	url = {https://www.baeldung.com/spring-security-oauth-jwt},
	
	author = {Wagde, Sampada},
	urldate = {2023-06-25},
	date = {2018-01-20},
	
	
}

@online{Keycloak,
	title = {Keycloak},
	url = {https://www.keycloak.org/},
	urldate = {2023-06-25},
	
}

@online{WhatIdentityAccess,
	title = {What is identity and access management ({IAM})?},
	url = {https://www.redhat.com/en/topics/security/what-identity-and-access-management-iam},
	
	urldate = {2023-06-25},
	
	
}

@online{FinalOpenIDConnect,
	title = {Final: {OpenID} Connect Discovery 1.0 incorporating errata set 1},
	url = {https://openid.net/specs/openid-connect-discovery-1_0.html},
	urldate = {2023-06-26},
	
}

@inproceedings{matarApproachEvaluatingPotential2023,
	title = {An Approach for Evaluating the Potential Impact of Anti-Patterns on Microservices Performance},
	
	
	eventtitle = {2023 {IEEE} 20th International Conference on Software Architecture Companion ({ICSA}-C)},
	pages = {167--170},
	booktitle = {2023 {IEEE} 20th International Conference on Software Architecture Companion ({ICSA}-C)},
	author = {Matar, Raghad and Jahiƒá, Jasmin},
	date = {2023-03},
	note = {{ISSN}: 2768-4288},
	
	
}

@article{akbulutPerformanceAnalysisMicroservice2019,
	title = {Performance Analysis of Microservice Design Patterns},
	volume = {23},
	
	
	
	pages = {19--27},
	number = {6},
	journaltitle = {{IEEE} Internet Computing},
	author = {Akbulut, Akhan and Perros, Harry G.},
	date = {2019-11},
	note = {Conference Name: {IEEE} Internet Computing},
	
	
}

@online{SpringaddonsSamplesTutorials,
	title = {spring-addons/samples/tutorials/bff at master ¬∑ ch4mpy/spring-addons},
	url = {https://github.com/ch4mpy/spring-addons},
	
	titleaddon = {{GitHub}},
	urldate = {2023-06-26},
	
	
}

@online{OWASPTop10,
	title = {{OWASP} Top 10 {API} Security Risks ‚Äì 2023 - {OWASP} {API} Security Top 10},
	url = {https://owasp.org/API-Security/editions/2023/en/0x11-t10/},
	urldate = {2023-06-27},
	
}

@article{luSurveyMicroservicesTrust2023,
	title = {A Survey on Microservices Trust Models for Open Systems},
	volume = {11},
	
	
	
	pages = {28840--28855},
	journaltitle = {{IEEE} Access},
	author = {Lu, Zhongyi and Delaney, Declan T. and Lillis, David},
	date = {2023},
	note = {Conference Name: {IEEE} Access},
	
	
}

@article{shmelevaHowMicroservicesAre,
	title = {How Microservices are Changing the Security Landscape},
	author = {Shmeleva, Ekaterina},
	
	
}

@report{hardtOAuthAuthorizationFramework2023,
	title = {The {OAuth} 2.1 Authorization Framework},
	url = {https://datatracker.ietf.org/doc/draft-ietf-oauth-v2-1},
	
	number = {draft-ietf-oauth-v2-1-08},
	institution = {Internet Engineering Task Force},
	type = {Internet Draft},
	author = {Hardt, Dick and Parecki, Aaron and Lodderstedt, Torsten},
	urldate = {2023-06-27},
	date = {2023-03-13},
	note = {Num Pages: 88},
	
}

@thesis{rauchAuthxmicroservicesurauchPdf2023,
	location = {Wien},
	title = {authx-microservices-urauch.pdf},
	institution = {{FH} Campus},
	type = {Bachelor's Thesis},
	author = {Rauch, Ursula},
	date = {2023-01-15},
	
}

@online{AuthorizeHttpServletRequestsSpring,
	title = {Authorize {HttpServletRequests} :: Spring Security},
	url = {https://docs.spring.io/spring-security/reference/servlet/authorization/authorize-http-requests.html},
	urldate = {2023-06-28},
	
}

@online{abidAnswerKeycloakMissing2020,
	title = {Answer to "Keycloak - Missing data in the userinfo response"},
	url = {https://stackoverflow.com/a/60072580},
	titleaddon = {Stack Overflow},
	author = {Abid, Ala},
	urldate = {2023-06-29},
	date = {2020-02-05},
}

@online{SecuringApplicationsServices,
	title = {Securing Applications and Services Guide},
	url = {https://www.keycloak.org/docs/latest/securing_apps/},
	urldate = {2023-06-29},
}

@online{AuthorizationServicesGuide,
	title = {Authorization Services Guide},
	url = {https://www.keycloak.org/docs/latest/authorization_services/},
	urldate = {2023-06-30},
	
}

@online{ClientAuthenticationSupport,
	title = {Client Authentication Support :: Spring Security},
	url = {https://docs.spring.io/spring-security/reference/servlet/oauth2/client/client-authentication.html},
	urldate = {2023-06-30},
	
}

@online{OAuth2TokenValidatorSpringsecuritydocsAPI,
	title = {{OAuth}2TokenValidator (spring-security-docs 6.1.1 {API})},
	url = {https://docs.spring.io/spring-security/site/docs/current/api/org/springframework/security/oauth2/core/OAuth2TokenValidator.html},
	urldate = {2023-06-30},
	
}

@report{jonesOAuthAuthorizationServer2018,
	title = {{OAuth} 2.0 Authorization Server Metadata},
	url = {https://www.rfc-editor.org/info/rfc8414},
	pages = {RFC8414},
	number = {{RFC}8414},
	institution = {{RFC} Editor},
	author = {Jones, M. and Sakimura, N. and Bradley, J.},
	urldate = {2023-06-30},
	date = {2018-06},
	
	
}

@report{brayJavaScriptObjectNotation2014,
	title = {The {JavaScript} Object Notation ({JSON}) Data Interchange Format},
	url = {https://www.rfc-editor.org/info/rfc7159},
	pages = {RFC7159},
	number = {{RFC}7159},
	institution = {{RFC} Editor},
	author = {Bray, T.},
	urldate = {2023-06-30},
	date = {2014-03},
	
	
}

@inproceedings{yangResearchUnifiedAuthentication2020a,
	title = {Research on Unified Authentication and Authorization in Microservice Architecture},
	
	
	eventtitle = {2020 {IEEE} 20th International Conference on Communication Technology ({ICCT})},
	pages = {1169--1173},
	booktitle = {2020 {IEEE} 20th International Conference on Communication Technology ({ICCT})},
	author = {Yang, {ShuLin} and Hu, {JiePing}},
	date = {2020-10},
	note = {{ISSN}: 2576-7828},
	
	
}

@report{pareckiOAuthBrowserBasedApps2023,
	title = {{OAuth} 2.0 for Browser-Based Apps},
	url = {https://datatracker.ietf.org/doc/draft-ietf-oauth-browser-based-apps-14},
	
	number = {draft-ietf-oauth-browser-based-apps-14},
	institution = {Internet Engineering Task Force},
	type = {Internet Draft},
	author = {Parecki, Aaron and Waite, David},
	urldate = {2023-07-14},
	date = {2023-06-29},
	note = {Num Pages: 35},
	
}

@online{CostDataBreach2023,
	title = {Cost of a data breach 2022},
	url = {https://www.ibm.com/reports/data-breach},
	
	urldate = {2023-07-14},
	date = {2023-04-25},
	
	
}

@online{swoyerMicroservicesAdoption20202020,
	title = {Microservices Adoption in 2020},
	url = {https://www.oreilly.com/radar/microservices-adoption-in-2020/},
	
	titleaddon = {O‚ÄôReilly Media},
	author = {Swoyer, Steve, Mike Loukides},
	urldate = {2023-07-14},
	date = {2020-07-15},
	
}

@online{computersecuritydivisionRoleBasedAccess2016,
	title = {Role Based Access Control {\textbar} {CSRC} {\textbar} {CSRC}},
	url = {https://csrc.nist.gov/projects/role-based-access-control},
	
	titleaddon = {{CSRC} {\textbar} {NIST}},
	author = {Computer Security Division, Information Technology Laboratory},
	urldate = {2023-07-14},
	date = {2016-11-21},
	
}

@incollection{ferraioloRoleBasedAccessControls1992,
	title = {Role-Based Access Controls},
	url = {https://csrc.nist.gov/publications/detail/conference-paper/1992/10/13/role-based-access-controls},
	
	pages = {554--563},
	booktitle = {Proceedings of the 15th National Computer Security Conference},
	publisher = {National Institute of Standards and Technoloty},
	author = {Ferraiolo, David and Kuhn, Richard},
	urldate = {2023-07-14},
	date = {1992-10-13},
	
	
	note = {Conference Name: 15th National Computer Security Conference ({NCSC}); October 13-16, 1992; Baltimore, Maryland, United States},
	
}

@online{MajorReasonsChoose2023,
	title = {7 Major Reasons to Choose Spring Boot For Microservices Development},
	url = {https://www.geeksforgeeks.org/why-to-choose-spring-boot-for-microservices-development/},
	
	titleaddon = {{GeeksforGeeks}},
	urldate = {2023-07-15},
	date = {2023-04-03},
	
	note = {Section: {GBlog}},
	
}

@online{dhadukMicroservicesFrameworksScalable2022,
	title = {Microservices Frameworks for a Scalable Application},
	url = {https://www.simform.com/blog/microservices-framework/},
	
	titleaddon = {Simform - Product Engineering Company},
	author = {Dhaduk, Hiren},
	urldate = {2023-07-15},
	date = {2022-03-15},
	
	
}

@online{Slant13Best2023,
	title = {Slant - 13 Best microservices frameworks as of 2023},
	url = {https://www.slant.co/topics/16161/~microservices-frameworks},
	
	titleaddon = {Slant},
	urldate = {2023-07-15},
	date = {2023-07-14},
	
	
}

@inproceedings{sailerEvaluationFrameworksMicroservices2021,
	location = {Cham},
	title = {An Evaluation of Frameworks for Microservices Development},
	
	
	pages = {90--102},
	booktitle = {Advances in Service-Oriented and Cloud Computing},
	publisher = {Springer International Publishing},
	author = {Sailer, Isabell and Lichtenth√§ler, Robin and Wirtz, Guido},
	editor = {Zirpins, Christian and Paraskakis, Iraklis and Andrikopoulos, Vasilios and Kratzke, Nane and Pahl, Claus and El Ioini, Nabil and Andreou, Andreas S. and Feuerlicht, George and Lamersdorf, Winfried and Ortiz, Guadalupe and Van den Heuvel, Willem-Jan and Soldani, Jacopo and Villari, Massimo and Casale, Giuliano and Plebani, Pierluigi},
	date = {2021},
}

@misc{dinhtuanDevelopmentFrameworksMicroservicebased2022,
	title = {Development Frameworks for Microservice-based Applications: Evaluation and Comparison},
	url = {http://arxiv.org/abs/2203.07267},
	shorttitle = {Development Frameworks for Microservice-based Applications},
	
	number = {{arXiv}:2203.07267},
	publisher = {{arXiv}},
	author = {Dinh-Tuan, Hai and Mora-Martinez, Maria and Beierle, Felix and Garzon, Sandro Rodriguez},
	urldate = {2023-07-15},
	date = {2022-03-14},
	
	eprinttype = {arxiv},
	eprint = {2203.07267 [cs]},
	
	
}

@online{MicroservicesUseOrganizations,
	title = {Microservices use in organizations worldwide 2021},
	url = {https://www.statista.com/statistics/1236823/microservices-usage-per-organization-size/},
	
	titleaddon = {Statista},
	urldate = {2023-07-15},
	
	
}

@report{MicroservicesEnterprise20212021,
	title = {Microservices in the enterprise, 2021: Real benefits, worth the challenges. How organizations are finding speed, agility and resiliency through microservices.},
	url = {https://www.ibm.com/downloads/cas/OQG4AJAM},
	institution = {{IBM} Market Development \& Insights},
	type = {White paper},
	urldate = {2023-07-15},
	date = {2021},
	
}

@online{kelechavaRoleBasedAccess2018,
	title = {Role Based Access Control ({RBAC})},
	url = {https://blog.ansi.org/2018/05/role-based-access-control-rbac-incits-359/},
	
	titleaddon = {The {ANSI} Blog},
	author = {Kelechava, Brad},
	urldate = {2023-07-16},
	date = {2018-05-17},
	
	
}

@online{AuthenticationPersistenceSession,
	title = {Authentication Persistence and Session Management :: Spring Security},
	url = {https://docs.spring.io/spring-security/reference/servlet/authentication/session-management.html},
	urldate = {2023-07-16},
	
}

@online{AuthorizationArchitectureSpring,
	title = {Authorization Architecture :: Spring Security},
	url = {https://docs.spring.io/spring-security/reference/servlet/authorization/architecture.html},
	urldate = {2023-07-16},
	
}

@online{ApacheJMeterUser,
	title = {Apache {JMeter} - User's Manual: Elements of a Test Plan},
	url = {https://jmeter.apache.org/usermanual/test_plan.html},
	urldate = {2023-07-16},
	
}


@comment{jabref-meta: selector_publisher:}

@comment{jabref-meta: selector_author:}

@comment{jabref-meta: selector_journal:}

@comment{jabref-meta: selector_keywords:}
