@misc{abidAnswerKeycloakMissing2020,
  title = {Answer to "{{Keycloak}} - {{Missing}} Data in the Userinfo Response"},
  author = {Abid, Ala},
  year = {2020},
  month = feb,
  journal = {Stack Overflow},
  urldate = {2023-06-29}
}

@misc{AdvancedConfigurationSpring,
  title = {Advanced {{Configuration}} :: {{Spring Security}}},
  urldate = {2023-06-19},
  howpublished = {https://docs.spring.io/spring-security/reference/servlet/oauth2/login/advanced.html}
}

@article{akbulutPerformanceAnalysisMicroservice2019,
  title = {Performance {{Analysis}} of {{Microservice Design Patterns}}},
  author = {Akbulut, Akhan and Perros, Harry G.},
  year = {2019},
  month = nov,
  journal = {IEEE Internet Computing},
  volume = {23},
  number = {6},
  pages = {19--27}
}

@article{alkhodaryEvaluationUsingBackendForFrontend,
  title = {The {{Evaluation}} of {{Using Backend-For-Frontend}} in a {{Microservices Environment}}},
  author = {Alkhodary, Samer}
}

@misc{ApacheJMeterUser,
  title = {Apache {{JMeter}} - {{User}}'s {{Manual}}: {{Elements}} of a {{Test Plan}}},
  urldate = {2023-07-16},
  howpublished = {https://jmeter.apache.org/usermanual/test\_plan.html}
}

@misc{AuthenticationPatternsBest,
  title = {Authentication {{Patterns}} and {{Best Practices For SPAs}}},
  journal = {IO.IO},
  urldate = {2023-03-15},
  howpublished = {https://dev.indooroutdoor.io/authentication-patterns-and-best-practices-for-spas}
}

@misc{AuthenticationPersistenceSession,
  title = {Authentication {{Persistence}} and {{Session Management}} :: {{Spring Security}}},
  urldate = {2023-07-16},
  howpublished = {https://docs.spring.io/spring-security/reference/servlet/authentication/session-management.html}
}

@misc{AuthenticationSpringsecuritydocsAPI,
  title = {Authentication (Spring-Security-Docs 6.1.1 {{API}})},
  urldate = {2023-06-25},
  howpublished = {https://docs.spring.io/spring-security/site/docs/current/api/org/springframework/security/core/Authentication.html}
}

@misc{AuthorizationArchitectureSpring,
  title = {Authorization {{Architecture}} :: {{Spring Security}}},
  urldate = {2023-07-16},
  howpublished = {https://docs.spring.io/spring-security/reference/servlet/authorization/architecture.html}
}

@misc{AuthorizationServicesGuide,
  title = {Authorization {{Services Guide}}},
  urldate = {2023-06-30},
  howpublished = {https://www.keycloak.org/docs/latest/authorization\_services/}
}

@misc{AuthorizeHttpServletRequestsSpring,
  title = {Authorize {{HttpServletRequests}} :: {{Spring Security}}},
  urldate = {2023-06-28},
  howpublished = {https://docs.spring.io/spring-security/reference/servlet/authorization/authorize-http-requests.html}
}

@misc{BackendFrontendAuthentication,
  title = {Backend {{For Frontend Authentication Pattern}} with {{Auth0}} and {{ASP}}.{{NET Core}}},
  journal = {Auth0 - Blog},
  urldate = {2023-03-15},
  howpublished = {https://auth0.com/blog/backend-for-frontend-pattern-with-auth0-and-dotnet/}
}

@misc{BackendFrontendAuthentication2021,
  title = {Backend {{For Frontend Authentication Pattern}} with {{Auth0}} and {{ASP}}.{{NET Core}}},
  year = {2021},
  month = sep,
  journal = {Auth0 Community},
  urldate = {2023-03-15},
  chapter = {Blog Discussions},
  howpublished = {https://community.auth0.com/t/backend-for-frontend-authentication-pattern-with-auth0-and-asp-net-core/69627}
}

@misc{baeldungGrantedAuthorityRole2017,
  title = {Granted {{Authority Versus Role}} in {{Spring Security}} | {{Baeldung}}},
  author = {{baeldung}},
  year = {2017},
  month = sep,
  urldate = {2023-06-17},
  howpublished = {https://www.baeldung.com/spring-security-granted-authority-vs-role}
}

@misc{barabanovAuthenticationAuthorizationMicroservicebased2020,
  title = {Authentication and Authorization in Microservice-Based Systems: Survey of Architecture Patterns},
  shorttitle = {Authentication and Authorization in Microservice-Based Systems},
  author = {Barabanov, Alexander and Makrushin, Denis},
  year = {2020},
  month = sep,
  number = {arXiv:2009.02114},
  eprint = {2009.02114},
  primaryclass = {cs},
  publisher = {{arXiv}},
  urldate = {2023-03-15},
  archiveprefix = {arxiv}
}

@misc{barbettiniOAuthOpenIDConnect2018,
  title = {{{OAuth}} 2.0 and {{OpenID Connect}} (in Plain {{English}})},
  author = {Barbettini, Nate},
  year = {2018},
  month = feb,
  urldate = {2022-12-18}
}

@article{bazeniucInformationSecurityMicroservices2021,
  title = {Information {{Security}} in {{Microservices Architectures}}},
  author = {Bazeniuc, Ivan and Zgureanu, Aureliu},
  year = {2021},
  publisher = {{Technical University of Moldova}},
  urldate = {2022-11-20},
  copyright = {Attribution-NonCommercial-NoDerivs 3.0 United States},
  annotation = {Accepted: 2022-04-13T08:20:02Z}
}

@misc{BearerTokenAuthenticationEntryPointJava2023,
  title = {{{BearerTokenAuthenticationEntryPoint}}.Java},
  year = {2023},
  month = jun,
  urldate = {2023-06-16},
  copyright = {Apache-2.0},
  howpublished = {Spring}
}

@misc{BearerTokenAuthenticationEntryPointSpringsecuritydocsAPI,
  title = {{{BearerTokenAuthenticationEntryPoint}} (Spring-Security-Docs 6.1.0 {{API}})},
  urldate = {2023-06-16}
}

@misc{BearerTokenAuthenticationTokenSpringsecuritydocsAPI,
  title = {{{BearerTokenAuthenticationToken}} (Spring-Security-Docs 6.1.1 {{API}})},
  urldate = {2023-06-25},
  howpublished = {https://docs.spring.io/spring-security/site/docs/current/api/org/springframework/security/oauth2/server/resource/authentication/BearerTokenAuthenticationToken.html}
}

@techreport{bertocciJSONWebToken2021,
  type = {Request for {{Comments}}},
  title = {{{JSON Web Token}} ({{JWT}}) {{Profile}} for {{OAuth}} 2.0 {{Access Tokens}}},
  author = {Bertocci, Vittorio},
  year = {2021},
  month = oct,
  number = {RFC 9068},
  institution = {{Internet Engineering Task Force}},
  urldate = {2022-12-19}
}

@techreport{bertocciTokenMediatingSession2021,
  type = {Internet {{Draft}}},
  title = {Token {{Mediating}} and Session {{Information Backend For Frontend}}},
  author = {Bertocci, Vittorio and Campbell, Brian},
  year = {2021},
  month = apr,
  number = {draft-bertocci-oauth2-tmi-bff-01},
  institution = {{Internet Engineering Task Force}},
  urldate = {2023-04-20}
}

@inproceedings{billawaSoKSecurityMicroservice2022,
  title = {{{SoK}}: {{Security}} of {{Microservice Applications}}: {{A Practitioners}}' {{Perspective}} on {{Challenges}} and {{Best Practices}}},
  shorttitle = {{{SoK}}},
  booktitle = {Proceedings of the 17th {{International Conference}} on {{Availability}}, {{Reliability}} and {{Security}}},
  author = {Billawa, Priyanka and Tukaram, Anusha Bambhore and Ferreyra, Nicol{\'a}s E. D{\'i}az and Stegh{\"o}fer, Jan-Philipp and Scandariato, Riccardo and Simhandl, Georg},
  year = {2022},
  month = aug,
  eprint = {2202.01612},
  primaryclass = {cs},
  pages = {1--10},
  urldate = {2022-09-21},
  archiveprefix = {arxiv}
}

@techreport{brayJavaScriptObjectNotation2014,
  title = {The {{JavaScript Object Notation}} ({{JSON}}) {{Data Interchange Format}}},
  author = {Bray, T.},
  year = {2014},
  month = mar,
  number = {RFC7159},
  pages = {RFC7159},
  institution = {{RFC Editor}},
  urldate = {2023-06-30}
}

@techreport{campbellResourceIndicatorsOAuth2020,
  title = {Resource {{Indicators}} for {{OAuth}} 2.0},
  author = {Campbell, B. and Bradley, J. and Tschofenig, H.},
  year = {2020},
  month = feb,
  number = {RFC8707},
  pages = {RFC8707},
  institution = {{RFC Editor}},
  urldate = {2022-12-20}
}

@misc{ch4mpAnswerUseKeycloak2022,
  title = {Answer to "{{Use Keycloak Spring Adapter}} with {{Spring Boot}} 3"},
  author = {{ch4mp}},
  year = {2022},
  month = nov,
  journal = {Stack Overflow},
  urldate = {2023-06-23}
}

@article{chatterjeeApplyingSpringSecurity2022,
  title = {Applying {{Spring Security Framework}} with {{KeyCloak-Based OAuth2}} to {{Protect Microservice Architecture APIs}}: {{A Case Study}}},
  shorttitle = {Applying {{Spring Security Framework}} with {{KeyCloak-Based OAuth2}} to {{Protect Microservice Architecture APIs}}},
  author = {Chatterjee, Ayan and Prinz, Andreas},
  year = {2022},
  month = jan,
  journal = {Sensors},
  volume = {22},
  number = {5},
  pages = {1703},
  publisher = {{Multidisciplinary Digital Publishing Institute}},
  urldate = {2022-12-04},
  copyright = {http://creativecommons.org/licenses/by/3.0/}
}

@misc{ClientAuthenticationSupport,
  title = {Client {{Authentication Support}} :: {{Spring Security}}},
  urldate = {2023-06-30},
  howpublished = {https://docs.spring.io/spring-security/reference/servlet/oauth2/client/client-authentication.html}
}

@misc{cockroftadrianMigratingMicroservicesAdrian2014,
  title = {Migrating to {{Microservices}} by {{Adrian Cockroft}} ({{Part}} 1)},
  author = {{Cockroft, Adrian}},
  year = {2014},
  month = aug,
  urldate = {2022-12-23}
}

@misc{computersecuritydivisionRoleBasedAccess2016,
  title = {Role {{Based Access Control}} | {{CSRC}} | {{CSRC}}},
  author = {Computer Security Division, Information Technology Laboratory},
  year = {2016},
  month = nov,
  journal = {CSRC | NIST},
  urldate = {2023-07-14},
  howpublished = {https://csrc.nist.gov/projects/role-based-access-control}
}

@misc{CostDataBreach2023,
  title = {Cost of a Data Breach 2022},
  year = {2023},
  month = apr,
  urldate = {2023-07-14},
  howpublished = {https://www.ibm.com/reports/data-breach}
}

@misc{CrossSiteRequest,
  title = {Cross {{Site Request Forgery}} ({{CSRF}}) :: {{Spring Security}}},
  urldate = {2023-07-18},
  howpublished = {https://docs.spring.io/spring-security/reference/servlet/exploits/csrf.html}
}

@techreport{dennissOAuthDeviceAuthorization2019,
  type = {Request for {{Comments}}},
  title = {{{OAuth}} 2.0 {{Device Authorization Grant}}},
  author = {Denniss, William and Bradley, John and Jones, Michael and Tschofenig, Hannes},
  year = {2019},
  month = aug,
  number = {RFC 8628},
  institution = {{Internet Engineering Task Force}},
  urldate = {2022-12-19}
}

@techreport{dennissOAuthNativeApps2017,
  title = {{{OAuth}} 2.0 for {{Native Apps}}},
  author = {Denniss, W. and Bradley, J.},
  year = {2017},
  month = oct,
  number = {RFC8252},
  pages = {RFC8252},
  institution = {{RFC Editor}},
  urldate = {2023-06-27}
}

@misc{DeprecationKeycloakAdapters,
  title = {Deprecation of {{Keycloak}} Adapters - {{Keycloak}}},
  urldate = {2023-06-18},
  howpublished = {https://www.keycloak.org/2022/02/adapter-deprecation}
}

@misc{dhadukMicroservicesFrameworksScalable2022,
  title = {Microservices {{Frameworks}} for a {{Scalable Application}}},
  author = {Dhaduk, Hiren},
  year = {2022},
  month = mar,
  journal = {Simform - Product Engineering Company},
  urldate = {2023-07-15}
}

@misc{dinhtuanDevelopmentFrameworksMicroservicebased2022,
  title = {Development {{Frameworks}} for {{Microservice-based Applications}}: {{Evaluation}} and {{Comparison}}},
  shorttitle = {Development {{Frameworks}} for {{Microservice-based Applications}}},
  author = {{Dinh-Tuan}, Hai and {Mora-Martinez}, Maria and Beierle, Felix and Garzon, Sandro Rodriguez},
  year = {2022},
  month = mar,
  number = {arXiv:2203.07267},
  eprint = {2203.07267},
  primaryclass = {cs},
  publisher = {{arXiv}},
  urldate = {2023-07-15},
  archiveprefix = {arxiv}
}

@misc{dragoniMicroservicesYesterdayToday2017,
  title = {Microservices: Yesterday, Today, and Tomorrow},
  shorttitle = {Microservices},
  author = {Dragoni, Nicola and Giallorenzo, Saverio and Lafuente, Alberto Lluch and Mazzara, Manuel and Montesi, Fabrizio and Mustafin, Ruslan and Safina, Larisa},
  year = {2017},
  month = apr,
  number = {arXiv:1606.04036},
  eprint = {1606.04036},
  primaryclass = {cs},
  publisher = {{arXiv}},
  urldate = {2022-12-23},
  archiveprefix = {arxiv}
}

@incollection{ferraioloRoleBasedAccessControls1992,
  title = {Role-{{Based Access Controls}}},
  booktitle = {Proceedings of the 15th {{National Computer Security Conference}}},
  author = {Ferraiolo, David and Kuhn, Richard},
  year = {1992},
  month = oct,
  pages = {554--563},
  publisher = {{National Institute of Standards and Technoloty}},
  urldate = {2023-07-14}
}

@misc{FinalOpenIDConnect,
  title = {Final: {{OpenID Connect Discovery}} 1.0 Incorporating Errata Set 1},
  urldate = {2023-06-26},
  howpublished = {https://openid.net/specs/openid-connect-discovery-1\_0.html}
}

@phdthesis{florenImplementationAnalysisAuthentication2021,
  title = {Implementation and {{Analysis}} of {{Authentication}} and {{Authorization Methods}} in a {{Microservice Architecture}}: {{A Comparison Between Microservice Security Design Patterns}} for {{Authentication}} and {{Authorization Flows}}},
  author = {Flor{\'e}n, Simon Tran},
  year = {2021}
}

@misc{GettingStartedBuilding,
  title = {Getting {{Started}} | {{Building}} a {{Gateway}}},
  journal = {Getting Started | Building a Gateway},
  urldate = {2023-06-11},
  howpublished = {https://spring.io/guides/gs/gateway/}
}

@misc{GettingStartedSpring,
  title = {Getting {{Started}} | {{Spring Boot}} and {{OAuth2}}},
  journal = {Getting Started | Spring Boot and OAuth2},
  urldate = {2023-06-06},
  howpublished = {https://spring.io/guides/tutorials/spring-boot-oauth2/}
}

@misc{HandlingLogoutsSpring,
  title = {Handling {{Logouts}} :: {{Spring Security}}},
  urldate = {2023-06-13},
  howpublished = {https://docs.spring.io/spring-security/reference/servlet/authentication/logout.html}
}

@techreport{hardtOAuthAuthorizationFramework2012,
  type = {Request for {{Comments}}},
  title = {The {{OAuth}} 2.0 {{Authorization Framework}}},
  author = {Hardt, Dick},
  year = {2012},
  month = oct,
  number = {RFC 6749},
  institution = {{Internet Engineering Task Force}},
  urldate = {2022-12-12}
}

@techreport{hardtOAuthAuthorizationFramework2023,
  type = {Internet {{Draft}}},
  title = {The {{OAuth}} 2.1 {{Authorization Framework}}},
  author = {Hardt, Dick and Parecki, Aaron and Lodderstedt, Torsten},
  year = {2023},
  month = mar,
  number = {draft-ietf-oauth-v2-1-08},
  institution = {{Internet Engineering Task Force}},
  urldate = {2023-06-27}
}

@misc{HowFixKeycloak2022,
  title = {How {{To Fix Keycloak Oauth2 OIDC Logout With Spring Cloud Gateway}}},
  year = {2022},
  month = aug,
  journal = {RefactorFirst},
  urldate = {2023-06-12},
  howpublished = {https://refactorfirst.com/fix-keycloak-oauth2-oidc-logout-with-spring-cloud-gateway}
}

@misc{IntroductionSpringFramework,
  title = {Introduction to {{Spring Framework}}},
  urldate = {2023-06-06},
  howpublished = {https://docs.spring.io/spring-framework/docs/3.2.x/spring-framework-reference/html/overview.html}
}

@misc{jacksonMicroserviceAuthenticationAuthorization2019,
  title = {Microservice {{Authentication}} and {{Authorization}}},
  author = {Jackson, Nic},
  year = {2019},
  month = feb,
  urldate = {2022-12-18}
}

@techreport{jonesJSONWebToken2015,
  type = {Request for {{Comments}}},
  title = {{{JSON Web Token}} ({{JWT}})},
  author = {Jones, Michael and Bradley, John and Sakimura, Nat},
  year = {2015},
  month = may,
  number = {RFC 7519},
  institution = {{Internet Engineering Task Force}},
  urldate = {2022-12-19}
}

@techreport{jonesOAuthAuthorizationFramework2012,
  type = {Request for {{Comments}}},
  title = {The {{OAuth}} 2.0 {{Authorization Framework}}: {{Bearer Token Usage}}},
  shorttitle = {The {{OAuth}} 2.0 {{Authorization Framework}}},
  author = {Jones, Michael and Hardt, Dick},
  year = {2012},
  month = oct,
  number = {RFC 6750},
  institution = {{Internet Engineering Task Force}},
  urldate = {2022-12-18}
}

@techreport{jonesOAuthAuthorizationServer2018,
  title = {{{OAuth}} 2.0 {{Authorization Server Metadata}}},
  author = {Jones, M. and Sakimura, N. and Bradley, J.},
  year = {2018},
  month = jun,
  number = {RFC8414},
  pages = {RFC8414},
  institution = {{RFC Editor}},
  urldate = {2023-06-30}
}

@techreport{jonesOAuthTokenExchange2020,
  type = {Request for {{Comments}}},
  title = {{{OAuth}} 2.0 {{Token Exchange}}},
  author = {Jones, Michael and Nadalin, Anthony and Campbell, Brian and Bradley, John and Mortimore, Chuck},
  year = {2020},
  month = jan,
  number = {RFC 8693},
  institution = {{Internet Engineering Task Force}},
  urldate = {2022-12-20}
}

@techreport{jonesOpenIDConnectRPInitiated2022,
  title = {{{OpenID Connect RP-Initiated Logout}} 1.0},
  author = {Jones, Michael and {de Medeiros}, Breno and Agarwal, N. and Sakimura, N. and Bradley, John},
  year = {2022},
  month = sep,
  urldate = {2023-06-19}
}

@misc{JwtAuthenticationTokenSpringsecuritydocsAPI,
  title = {{{JwtAuthenticationToken}} (Spring-Security-Docs 6.1.1 {{API}})},
  urldate = {2023-06-25},
  howpublished = {https://docs.spring.io/spring-security/site/docs/current/api/org/springframework/security/oauth2/server/resource/authentication/JwtAuthenticationToken.html}
}

@misc{kelechavaRoleBasedAccess2018,
  title = {Role {{Based Access Control}} ({{RBAC}})},
  author = {Kelechava, Brad},
  year = {2018},
  month = may,
  journal = {The ANSI Blog},
  urldate = {2023-07-16}
}

@misc{Keycloak,
  title = {Keycloak},
  urldate = {2023-06-25},
  howpublished = {https://www.keycloak.org/}
}

@misc{laurspilcaSpringSecurityFundamentals2023,
  title = {Spring {{Security Fundamentals}} - {{Lesson}} 14 - {{The OAuth2 Resource Server}} - {{Part}} 1},
  author = {{Laur Spilca}},
  year = {2023},
  month = jan,
  urldate = {2023-06-17}
}

@misc{lewisMicroservices2014,
  title = {Microservices},
  author = {Lewis, James and Fowler, Martin},
  year = {2014},
  month = mar,
  journal = {martinfowler.com},
  urldate = {2022-12-23},
  howpublished = {https://martinfowler.com/articles/microservices.html}
}

@techreport{lodderstedtOAuthSecurityBest2023,
  type = {Internet {{Draft}}},
  title = {{{OAuth}} 2.0 {{Security Best Current Practice}}},
  author = {Lodderstedt, Torsten and Bradley, John and Labunets, Aney and Fett, Daniel},
  year = {2023},
  month = jun,
  number = {draft-ietf-oauth-security-topics-23},
  institution = {{Internet Engineering Task Force}},
  urldate = {2023-06-18}
}

@techreport{lodderstedtOAuthThreatModel2013,
  type = {Request for {{Comments}}},
  title = {{{OAuth}} 2.0 {{Threat Model}} and {{Security Considerations}}},
  author = {Lodderstedt, Torsten and McGloin, Mark and Hunt, Phil},
  year = {2013},
  month = jan,
  number = {RFC 6819},
  institution = {{Internet Engineering Task Force}},
  urldate = {2022-12-20}
}

@article{luSurveyMicroservicesTrust2023,
  title = {A {{Survey}} on {{Microservices Trust Models}} for {{Open Systems}}},
  author = {Lu, Zhongyi and Delaney, Declan T. and Lillis, David},
  year = {2023},
  journal = {IEEE Access},
  volume = {11},
  pages = {28840--28855}
}

@misc{MajorReasonsChoose2023,
  title = {7 {{Major Reasons}} to {{Choose Spring Boot For Microservices Development}}},
  year = {2023},
  month = apr,
  journal = {GeeksforGeeks},
  urldate = {2023-07-15},
  chapter = {GBlog}
}

@inproceedings{matarApproachEvaluatingPotential2023,
  title = {An {{Approach}} for {{Evaluating}} the {{Potential Impact}} of {{Anti-Patterns}} on {{Microservices Performance}}},
  booktitle = {2023 {{IEEE}} 20th {{International Conference}} on {{Software Architecture Companion}} ({{ICSA-C}})},
  author = {Matar, Raghad and Jahi{\'c}, Jasmin},
  year = {2023},
  month = mar,
  pages = {167--170}
}

@techreport{MicroservicesEnterprise2021,
  type = {White Paper},
  title = {Microservices in the Enterprise, 2021: {{Real}} Benefits, Worth the Challenges. {{How}} Organizations Are Finding Speed, Agility and Resiliency through Microservices.},
  year = {2021},
  institution = {{IBM Market Development \& Insights}},
  urldate = {2023-07-15}
}

@misc{MicroservicesUseOrganizations,
  title = {Microservices Use in Organizations Worldwide 2021},
  journal = {Statista},
  urldate = {2023-07-15},
  howpublished = {https://www.statista.com/statistics/1236823/microservices-usage-per-organization-size/}
}

@inproceedings{nehmeFineGrainedAccessControl2019,
  title = {Fine-{{Grained Access Control}} for {{Microservices}}},
  booktitle = {Foundations and {{Practice}} of {{Security}}},
  author = {Nehme, Antonio and Jesus, Vitor and Mahbub, Khaled and Abdallah, Ali},
  editor = {{Zincir-Heywood}, Nur and Bonfante, Guillaume and Debbabi, Mourad and {Garcia-Alfaro}, Joaquin},
  year = {2019},
  series = {Lecture {{Notes}} in {{Computer Science}}},
  pages = {285--300},
  publisher = {{Springer International Publishing}},
  address = {{Cham}}
}

@article{nehmeSecuringMicroservices2019,
  title = {Securing {{Microservices}}},
  author = {Nehme, Antonio and Jesus, Vitor and Mahbub, Khaled and Abdallah, Ali},
  year = {2019},
  month = jan,
  journal = {IT Professional},
  volume = {21},
  number = {1},
  pages = {42--49}
}

@book{newmanMonolithMicroservicesEvolutionary2020,
  title = {Monolith to {{Microservices}}. {{Evolutionary Patterns}} to {{Transform Your Monolith}}.},
  author = {Newman, Sam},
  year = {2020},
  publisher = {{O'Reilly}}
}

@article{nguyenApplyingSpringSecurity2019,
  title = {Applying {{Spring Security Framework}} and {{OAuth2 To Protect Microservice Architecture API}}},
  author = {Nguyen, Quy and Baker, Oras},
  year = {2019},
  month = jun,
  journal = {Journal of Software},
  pages = {257--264},
  urldate = {2022-12-05}
}

@misc{OAuth2ResourceServerConfigurerSpringsecuritydocsAPI,
  title = {{{OAuth2ResourceServerConfigurer}} (Spring-Security-Docs 6.1.0 {{API}})},
  urldate = {2023-06-18},
  howpublished = {https://docs.spring.io/spring-security/site/docs/current/api/org/springframework/security/config/annotation/web/configurers/oauth2/server/resource/OAuth2ResourceServerConfigurer.html}
}

@misc{OAuth2TokenValidatorSpringsecuritydocsAPI,
  title = {{{OAuth2TokenValidator}} (Spring-Security-Docs 6.1.1 {{API}})},
  urldate = {2023-06-30},
  howpublished = {https://docs.spring.io/spring-security/site/docs/current/api/org/springframework/security/oauth2/core/OAuth2TokenValidator.html}
}

@misc{OAuthnet,
  title = {{{OAuth}} 2.0 \textemdash{} {{OAuth}}},
  urldate = {2023-07-18},
  howpublished = {https://oauth.net/2/}
}

@misc{OAuthResourceServer,
  title = {{{OAuth}} 2.0 {{Resource Server JWT}} :: {{Spring Security}}},
  urldate = {2023-06-16},
  howpublished = {https://docs.spring.io/spring-security/reference/servlet/oauth2/resource-server/jwt.html}
}

@misc{OAuthResourceServerb,
  title = {{{OAuth}} 2.0 {{Resource Server}} :: {{Spring Security}}},
  urldate = {2023-06-16},
  howpublished = {https://docs.spring.io/spring-security/reference/servlet/oauth2/resource-server/index.html}
}

@misc{OpenIDConnectDiscovery,
  title = {{{OpenID Connect Discovery}} 1.0},
  urldate = {2023-06-11},
  howpublished = {https://openid.net/specs/openid-connect-discovery-1\_0.html}
}

@misc{OWASPTop10,
  title = {{{OWASP Top}} 10 {{API Security Risks}} \textendash{} 2023 - {{OWASP API Security Top}} 10},
  urldate = {2023-06-27},
  howpublished = {https://owasp.org/API-Security/editions/2023/en/0x11-t10/}
}

@article{pahlContainerizationPaaSCloud2015,
  title = {Containerization and the {{PaaS Cloud}}},
  author = {Pahl, Claus},
  year = {2015},
  month = may,
  journal = {IEEE Cloud Computing},
  volume = {2},
  number = {3},
  pages = {24--31}
}

@misc{paraschiveugenComparisonSpringSpring2018,
  title = {A {{Comparison Between Spring}} and {{Spring Boot}} | {{Baeldung}}},
  author = {{Paraschiv, Eugen}},
  year = {2018},
  month = sep,
  urldate = {2023-06-06},
  howpublished = {https://www.baeldung.com/spring-vs-spring-boot}
}

@misc{pareckiItTimeOAuth2019,
  title = {It's {{Time}} for {{OAuth}} 2.1},
  author = {Parecki, Aaron},
  year = {2019},
  month = dec,
  journal = {Aaron Parecki},
  urldate = {2022-12-31},
  howpublished = {https://aaronparecki.com/2019/12/12/21/its-time-for-oauth-2-dot-1}
}

@techreport{pareckiOAuthBrowserBasedApps2023,
  type = {Internet {{Draft}}},
  title = {{{OAuth}} 2.0 for {{Browser-Based Apps}}},
  author = {Parecki, Aaron and Waite, David},
  year = {2023},
  month = jun,
  number = {draft-ietf-oauth-browser-based-apps-14},
  institution = {{Internet Engineering Task Force}},
  urldate = {2023-07-14}
}

@misc{PrincipalJavaDevelopment,
  title = {Principal ({{Java Development Kit Version}} 17 {{API Specification}})},
  urldate = {2023-06-25},
  howpublished = {https://docs.oracle.com/en/java/javase/17/docs/api/java.base/java/security/Principal.html}
}

@misc{rattanukulMicrousityTestingTool2023,
  title = {Microusity: {{A}} Testing Tool for {{Backends}} for {{Frontends}} ({{BFF}}) {{Microservice Systems}}},
  shorttitle = {Microusity},
  author = {Rattanukul, Pattarakrit and Makaranond, Chansida and Watanakulcharus, Pumipat and Ragkhitwetsagul, Chaiyong and Nearunchorn, Tanapol and Visoottiviseth, Vasaka and Choetkiertikul, Morakot and Sunetnanta, Thanwadee},
  year = {2023},
  month = feb,
  number = {arXiv:2302.11150},
  eprint = {2302.11150},
  primaryclass = {cs},
  publisher = {{arXiv}},
  urldate = {2023-03-15},
  archiveprefix = {arxiv}
}

@phdthesis{rauchAuthxmicroservicesurauchPdf2023,
  type = {Bachelor's {{Thesis}}},
  title = {Authx-Microservices-Urauch.Pdf},
  author = {Rauch, Ursula},
  year = {2023},
  month = jan,
  address = {{Wien}},
  school = {FH Campus}
}

@misc{rozaSpringSecurityOpenID2017,
  title = {Spring {{Security}} and {{OpenID Connect}} | {{Baeldung}}},
  author = {Roza, Ger},
  year = {2017},
  month = mar,
  urldate = {2023-06-13},
  howpublished = {https://www.baeldung.com/spring-security-openid-connect}
}

@misc{rozaWebClientOAuth2Support2019,
  title = {{{WebClient}} and {{OAuth2 Support}} | {{Baeldung}}},
  author = {Roza, Ger},
  year = {2019},
  month = jan,
  urldate = {2023-06-05},
  howpublished = {https://www.baeldung.com/spring-webclient-oauth2}
}

@article{saboorContainerizedMicroservicesOrchestration2022,
  title = {Containerized {{Microservices Orchestration}} and {{Provisioning}} in {{Cloud Computing}}: {{A Conceptual Framework}} and {{Future Perspectives}}},
  shorttitle = {Containerized {{Microservices Orchestration}} and {{Provisioning}} in {{Cloud Computing}}},
  author = {Saboor, Abdul and Hassan, Mohd Fadzil and Akbar, Rehan and Shah, Syed Nasir Mehmood and Hassan, Farrukh and Magsi, Saeed Ahmed and Siddiqui, Muhammad Aadil},
  year = {2022},
  month = jan,
  journal = {Applied Sciences},
  volume = {12},
  number = {12},
  pages = {5793},
  publisher = {{Multidisciplinary Digital Publishing Institute}},
  urldate = {2022-09-21},
  copyright = {http://creativecommons.org/licenses/by/3.0/}
}

@inproceedings{sailerEvaluationFrameworksMicroservices2021,
  title = {An {{Evaluation}} of {{Frameworks}} for {{Microservices Development}}},
  booktitle = {Advances in {{Service-Oriented}} and {{Cloud Computing}}},
  author = {Sailer, Isabell and Lichtenth{\"a}ler, Robin and Wirtz, Guido},
  editor = {Zirpins, Christian and Paraskakis, Iraklis and Andrikopoulos, Vasilios and Kratzke, Nane and Pahl, Claus and El Ioini, Nabil and Andreou, Andreas S. and Feuerlicht, George and Lamersdorf, Winfried and Ortiz, Guadalupe and {Van den Heuvel}, Willem-Jan and Soldani, Jacopo and Villari, Massimo and Casale, Giuliano and Plebani, Pierluigi},
  year = {2021},
  pages = {90--102},
  publisher = {{Springer International Publishing}},
  address = {{Cham}}
}

@techreport{sakimuraOAuthAuthorizationFramework2021,
  type = {Request for {{Comments}}},
  title = {The {{OAuth}} 2.0 {{Authorization Framework}}: {{JWT-Secured Authorization Request}} ({{JAR}})},
  shorttitle = {The {{OAuth}} 2.0 {{Authorization Framework}}},
  author = {Sakimura, Nat and Bradley, John and Jones, Michael},
  year = {2021},
  month = aug,
  number = {RFC 9101},
  institution = {{Internet Engineering Task Force}},
  urldate = {2022-11-20}
}

@techreport{sakimuraOpenIDConnectCore2014,
  title = {{{OpenID Connect Core}} 1.0},
  author = {Sakimura, Nat and Bradley, John and Jones, Michael and {de Medeiros}, Breno and Mortimore, Chuck},
  year = {2014},
  month = aug,
  institution = {{OpenID Foundation (OIDF)}},
  urldate = {2022-12-19}
}

@techreport{sakimuraProofKeyCode2015,
  title = {Proof {{Key}} for {{Code Exchange}} by {{OAuth Public Clients}}},
  author = {Sakimura, N. and Bradley, J. and Agarwal, N.},
  year = {2015},
  month = sep,
  number = {RFC7636},
  pages = {RFC7636},
  institution = {{RFC Editor}},
  urldate = {2022-12-22}
}

@misc{SamNewmanBackends,
  title = {Sam {{Newman}} - {{Backends For Frontends}}},
  urldate = {2023-04-20},
  howpublished = {https://samnewman.io/patterns/architectural/bff/}
}

@misc{sandeepaUsingKeycloakSpring2023,
  title = {Using {{Keycloak}} with {{Spring Boot}} 3.0},
  author = {Sandeepa, Yasas},
  year = {2023},
  month = feb,
  journal = {Geek Culture},
  urldate = {2023-06-17}
}

@misc{SecuringApplicationsServices,
  title = {Securing {{Applications}} and {{Services Guide}}},
  urldate = {2023-06-29},
  howpublished = {https://www.keycloak.org/docs/latest/securing\_apps/}
}

@misc{SecuringSpringApplications,
  title = {Securing {{Spring Applications With OAuth2}}},
  urldate = {2023-06-18},
  howpublished = {https://github.com/ch4mpy/spring-addons/tree/master/samples/tutorials}
}

@misc{ServerAdministrationGuidea,
  title = {Server {{Administration Guide}}},
  urldate = {2023-06-24},
  howpublished = {https://www.keycloak.org/docs/latest/server\_admin/}
}

@misc{ServletAuthenticationArchitecture,
  title = {Servlet {{Authentication Architecture}} :: {{Spring Security}}},
  urldate = {2023-06-17},
  howpublished = {https://docs.spring.io/spring-security/reference/servlet/authentication/architecture.html}
}

@article{shmelevaHowMicroservicesAre,
  title = {How {{Microservices}} Are {{Changing}} the {{Security Landscape}}},
  author = {Shmeleva, Ekaterina}
}

@book{siriwardenaAdvancedAPISecurity2020,
  title = {Advanced {{API Security}}: {{OAuth}} 2.0 and {{Beyond}}},
  shorttitle = {Advanced {{API Security}}},
  author = {Siriwardena, Prabath},
  year = {2020},
  publisher = {{Apress}},
  address = {{Berkeley, CA}},
  urldate = {2022-12-02}
}

@book{siriwardenaMicroservicesSecurityAction2020,
  title = {Microservices Security in Action},
  author = {Siriwardena, Prabath and Dias, Nuwan},
  year = {2020},
  publisher = {{Manning Publications Co}},
  address = {{Shelter Island, NY}},
  lccn = {QA76.76.A65 S565 2020},
  annotation = {OCLC: on1190759452}
}

@misc{Slant13Best2023,
  title = {Slant - 13 {{Best}} Microservices Frameworks as of 2023},
  year = {2023},
  month = jul,
  journal = {Slant},
  urldate = {2023-07-15},
  howpublished = {https://www.slant.co/topics/16161/\textasciitilde microservices-frameworks}
}

@misc{SpringaddonsSamplesTutorials,
  title = {Spring-Addons/Samples/Tutorials/Bff at Master {$\cdot$} Ch4mpy/Spring-Addons},
  journal = {GitHub},
  urldate = {2023-06-26},
  howpublished = {https://github.com/ch4mpy/spring-addons}
}

@misc{SpringBoot,
  title = {Spring {{Boot}}},
  journal = {Spring Boot},
  urldate = {2023-06-06},
  howpublished = {https://spring.io/projects/spring-boot}
}

@misc{SpringCloudGateway,
  title = {Spring {{Cloud Gateway}}},
  urldate = {2023-06-05},
  howpublished = {https://docs.spring.io/spring-cloud-gateway/docs/current/reference/html/}
}

@misc{SpringCoreFeatures,
  title = {Spring {{Core Features}}},
  urldate = {2023-06-06},
  howpublished = {https://docs.spring.io/spring-boot/docs/current/reference/html/features.html}
}

@misc{SpringVsSpring,
  title = {Spring vs {{Spring Boot}}: {{A Detailed Comparison}} ({{Updated}} 2023)},
  shorttitle = {Spring vs {{Spring Boot}}},
  urldate = {2023-06-06},
  howpublished = {https://www.turing.com/kb/spring-vs-spring-boots-best-web-apps}
}

@misc{swoyerMicroservicesAdoption20202020,
  title = {Microservices {{Adoption}} in 2020},
  author = {Swoyer, Steve, Mike Loukides},
  year = {2020},
  month = jul,
  journal = {O'Reilly Media},
  urldate = {2023-07-14},
  howpublished = {https://www.oreilly.com/radar/microservices-adoption-in-2020/}
}

@misc{wagdeOAuthResourceServer2020,
  title = {{{OAuth}} 2.0 {{Resource Server With Spring Security}} 5 | {{Baeldung}}},
  author = {Wagde, Sampada},
  year = {2020},
  month = aug,
  urldate = {2023-06-16},
  howpublished = {https://www.baeldung.com/spring-security-oauth-resource-server}
}

@misc{wagdeUsingJWTSpring2018,
  title = {Using {{JWT}} with {{Spring Security OAuth}} | {{Baeldung}}},
  author = {Wagde, Sampada},
  year = {2018},
  month = jan,
  urldate = {2023-06-25},
  howpublished = {https://www.baeldung.com/spring-security-oauth-jwt}
}

@book{wallsSpringBootAction2016,
  title = {Spring {{Boot}} in Action},
  author = {Walls, Craig},
  year = {2016},
  publisher = {{Manning Publications}},
  address = {{Shelter Island, NY}},
  lccn = {QA76.76.A65 .W34 2016},
  annotation = {OCLC: ocn908375612}
}

@misc{WhatIdentityAccess,
  title = {What Is Identity and Access Management ({{IAM}})?},
  urldate = {2023-06-25},
  howpublished = {https://www.redhat.com/en/topics/security/what-identity-and-access-management-iam}
}

@inproceedings{yangResearchUnifiedAuthentication2020,
  title = {Research on {{Unified Authentication}} and {{Authorization}} in {{Microservice Architecture}}},
  booktitle = {2020 {{IEEE}} 20th {{International Conference}} on {{Communication Technology}} ({{ICCT}})},
  author = {Yang, ShuLin and Hu, JiePing},
  year = {2020},
  month = oct,
  pages = {1169--1173}
}

@inproceedings{yaryginaOvercomingSecurityChallenges2018,
  title = {Overcoming {{Security Challenges}} in {{Microservice Architectures}}},
  booktitle = {2018 {{IEEE Symposium}} on {{Service-Oriented System Engineering}} ({{SOSE}})},
  author = {Yarygina, Tetiana and Bagge, Anya Helene},
  year = {2018},
  month = mar,
  pages = {11--20}
}
