@misc{schwarzWhatAuthorizationDefinition2022,
  title = {What {{Is Authorization}}? {{Definition}} \& {{Examples}}},
  shorttitle = {What {{Is Authorization}}?},
  author = {Schwarz, Lisa},
  year = {2022},
  month = apr,
  journal = {Oracle NetSuite},
  urldate = {2023-08-05},
  howpublished = {https://www.netsuite.com/portal/resource/articles/erp/authorization.shtml}
}
