@techreport{sakimuraOpenIDConnectDiscovery2014,
  title = {{{OpenID Connect Discovery}} 1.0},
  author = {Sakimura, Nat and Bradley, John and Jay, E.},
  year = {2014},
  month = nov,
  urldate = {2023-06-11}
}
